4084 5484
598 713 600 720 Ι
715 611 1182 701 noeonna.1v.64.65.
1327 561 1454 702 ικη

438 784 657 874 cognomine,
684 782 773 872 cujus
793 786 878 852 idem
899 783 1076 872 Stephanus
1096 787 1255 866 meminit,
1286 783 1451 854 &Strabo

443 888 497 952 lib.
511 889 570 955 IX.
584 911 615 975 p.
628 907 703 974 434.
744 893 771 961 F
770 893 889 960 invium
904 915 988 959 ·vero
1008 891 1174 959 Acheloum
1186 896 1217 960 h.
1230 892 1453 960 L'nominatlm

443 1013 726 1066 commemoratum
746 1000 834 1067 fnifl'e
858 1023 876 1066 a
893 1001 1045 1086 Polybio,
1080 1023 1119 1065 ex
1140 1002 1230 1067 versu
1243 1019 1275 1085 4.
1298 1004 1392 1067 etiam
1413 1002 1452 1067 fit

442 1104 619 1187 probabile,
638 1107 693 1173 ubi
711 1106 890 1193 fimpliciter
908 1111 951 1194 τῷ
968 1110 1095 1193 ποταμῷ
1110 1111 1228 1187 scribit,
1256 1108 1338 1194 quast
1352 1110 1391 1173 de
1410 1132 1452 1175 eo

1467 733 1599 787 ἐξ

1475 820 1545 878 vtes.
1560 836 1588 880 α.

439 1208 506 1292 jam
519 1214 612 1294 paulo
627 1230 699 1279 ante
712 1214 842 1283 dixisset.
884 1216 965 1284 Sane
984 1219 1085 1302 magis
1099 1217 1202 1301 plicet
1214 1218 1269 1281 ista
1281 1199 1453 1300 hujuslocl
1494 1301 1497 1306 ¹

445 1314 609 1410 Polybiani
622 1324 817 1404 emendatio,
838 1343 930 1408 quam
943 1343 1015 1410 quae
1030 1347 1048 1388 a
1062 1323 1214 1388 Palmerio
1229 1333 1346 1387 tentate
1361 1323 1452 1390 estin

447 1418 552 1488 Grec.
567 1426 676 1513 Antiq.
690 1429 742 1494 lib.
753 1430 811 1496 111.
827 1452 855 1495 c.
870 1432 966 1511 aubi
979 1427 1154 1495 confestam
1175 1449 1241 1493 rem
1262 1430 1396 1508 censuit,
1416 1428 1452 1510 fl,

443 1527 564 1597 servato
582 1536 733 1601 vocabulo
748 1530 913 1619 Ἀχαιοῠα,
943 1539 1072 1603 verbum
1092 1520 1159 1621 ἧκε
1178 1538 1210 1600 in
1229 1522 1297 1619 ἦγε
1318 1550 1452 1605 matare-

445 1644 521 1715 tur,
562 1639 645 1727 quali
663 1643 725 1707 hoc
753 1645 872 1710 diceret
899 1645 1069 1729 Polybius:
1109 1645 1200 1709 duxit
1228 1645 1271 1709 od
1297 1643 1450 1710 Oeniadas

444 1740 588 1812 Achaeos:
607 1782 648 1801 -
691 1751 849 1836 „Legatos
863 1752 980 1817 scilicet
992 1753 1200 1838 Achaeorum,
1221 1764 1258 1816 ut
1271 1752 1453 1836 interprete·

445 1859 498 1916 tur
510 1853 837 1936 idemenamsntvs,
852 1879 932 1943 quos
944 1860 1048 1937 secum
1060 1861 1239 1935 retinuerat,
1253 1856 1397 1943 (cap.64.
1406 1858 1451 1940 3.)

446 1959 537 2025 duxlt
550 1963 589 2025 ad
604 1962 777 2045 Oeniadas,
797 1975 832 2032 ut
849 1965 940 2030 telles
961 1964 1059 2032 ell'ent
1072 1980 1136 2037 tam
1150 1965 1265 2030 nobilis
1281 1967 1452 2051 expeditio·
1469 1987 1472 1994 ’

444 2065 513 2143 nis,
542 2066 576 2133 dr
598 2070 636 2135 ad
660 2070 731 2135 suos
750 2072 903 2138 referrent
922 2073 1054 2158 Philippi
1071 2073 1236 2137 militarem
1258 2072 1453 2156 diligentiam
1499 2077 1503 2086 '

446 2170 483 2238 dt
494 2173 737 2243 strenuitatem.“
757 2210 803 2227 ·-
834 2179 916 2257 Quae
929 2182 1124 2258 emendatio,
1141 2179 1217 2244 licet
1229 2177 1378 2245 leviffima
1391 2181 1451 2245 uti·

447 2301 511 2367 que
531 2285 703 2349 mutatione
723 2283 864 2372 peralta,
892 2298 996 2369 tamen
1016 2287 1120 2352 nescio
1142 2287 1215 2371 quid
1236 2287 1305 2350 duri
1322 2284 1356 2351 dt
1370 2287 1452 2351 adfe-

446 2386 540 2463 stati,
559 2393 714 2477 reliquum
726 2404 906 2459 contextum
920 2392 943 2458 ss
957 2392 1199 2462 confidemveris
1206 2437 1218 2471 ,
1239 2392 1353 2464 habere
1367 2396 1450 2459 vide·

445 2497 541 2565 bitur.

484 2633 486 2639 ¹
513 2600 602 2691 Vers.
621 2625 651 2690 3.
680 2601 1020 2693 καταστρατοπεδεύσας
1040 2604 1089 2672 δέ.
1143 2607 1236 2683 Quod
1258 2604 1290 2670 it
1312 2604 1395 2670 abest
1413 2605 1452 2670 nb

398 2718 400 2722 ’
441 2714 497 2785 ed.
514 2725 681 2812 t.·temere
703 2712 737 2781 dt
761 2699 861 2781 inrito
891 2716 1060 2801 exemplari
1084 2715 1233 2779 Bavarico
1256 2709 1373 2780 fanum
1391 2712 1452 2777 estt

446 2822 590 2905 adeoque
604 2822 806 2890 fundamento
821 2835 907 2889 caret
920 2820 1107 2907 conjettura,
1129 2842 1221 2906 quam
1235 2820 1308 2886 huic
1317 2816 1452 2883 deleant

446 2927 857 3014 superstmxeratlleisltius.
896 2963 937 2991 a·
979 2920 1272 3002 ibidssatalvraa.
1307 2926 1451 3010 Sielleg.

1476 2607 1546 2667 Veri
1555 2622 1599 2683 3.·

447 3036 492 3102 Α.
511 3034 545 3100 &
562 3039 645 3121 Aug.
664 3059 738 3103 cum
754 3037 829 3104 Bav.
850 3035 885 3104 dt
903 3040 1005 3103 editis.
1049 3038 1110 3105 Sed
1132 3037 1164 3100 in
1187 3057 1242 3100 ora
1262 3032 1386 3119 Regm.
1407 3032 1453 3098 est
1554 3037 1559 3046 '

446 3136 617 3221 Παιόνων,
644 3154 675 3208 at
691 3145 835 3229 superscr.
848 3170 869 3208 α
881 3147 989 3211 eadem
1004 3164 1107 3215 manu,
1150 3142 1331 3219 APaeanis,
1351 3141 1382 3209 id
1399 3139 1454 3217 eil,

448 3249 607 3336 Apollinis
621 3253 738 3335 templo
751 3274 866 3317 nomen
880 3265 957 3338 puto
965 3252 1100 3318 habuisse
1111 3252 1175 3318 hoo
1186 3250 1347 3334 oppidum,
1368 3248 1454 3331 quod

448 3360 484 3424 in
497 3357 569 3442 iplis
586 3357 794 3464 Qeniadamm
806 3358 921 3426 finibus
937 3359 1025 3425 inisse
1041 3361 1174 3427 videtur.

512 3464 592 3530 Itid.
609 3459 664 3549 salv
678 3459 848 3545 σύμπασαν.
880 3467 1016 3532 Temere
1028 3460 1083 3554 τήν
1095 3468 1201 3529 aberat
1212 3462 1327 3547 vulgo,
1346 3479 1456 3525 errore

447 3592 490 3637 ex
513 3573 612 3656 prima
631 3573 769 3645 editione
788 3583 971 3670 propagato,
1012 3605 1057 3630 -ψ
1099 3570 1179 3639 ibid
1203 3561 1393 3651 κατασκεσῆν
1413 3589 1455 3632 eat
1535 3559 1539 3566 ’

447 3679 608 3744 veteribus
632 3680 720 3744 libris
748 3680 882 3754 restitui,
919 3682 1030 3770 quibus
1049 3682 1156 3746 invitis
1172 3670 1366 3763 παρασκευήν
1385 3685 1455 3740 erat

448 3789 579 3852 editum.
619 3786 781 3852 Interdum
794 3790 920 3872 quidem
936 3809 993 3873 pro
1008 3787 1192 3873 synonymis
1204 3786 1386 3869 ullarpantur
1400 3781 1455 3846 ista
1517 3773 1521 3788 '

447 3896 594 3959 nominat
617 3894 699 3958 conf.
715 3897 754 3958 ad
767 3895 793 3958 1.
812 3912 860 3981 19,
881 3912 929 3978 15.
952 3895 1002 3960 led
1017 3886 1195 3980 παρασκευαὶ
1217 3893 1341 3976 proprie
1360 3889 1456 3973 adpa-

447 4001 621 4078 rotaret,
648 3996 823 4088 κατασκευαὶ
840 3986 1011 4089 stantium,
1041 3982 1230 4090 constratae,
1259 4008 1296 4063 nt·
1310 3998 1335 4061 l.
1353 4015 1404 4068 αι,
1426 4014 1455 4067 ι.

448 4107 475 4175 1.
491 4126 543 4184 22,
561 4127 589 4189 3.
609 4106 666 4174 lV.
681 4127 732 4191 70,
752 4128 800 4175 10.
815 4091 905 4174 tons.
921 4131 994 4174 mox
1008 4111 1046 4175 ad
1061 4109 1134 4172 veri.
1149 4106 1182 4173 6.
1217 4139 1257 4167 v
1299 4104 1380 4169 laid.
1395 4094 1455 4167 οὔὸ*

448 4211 555 4288 hortat
574 4204 676 4296 ly'rJoae.
720 4212 877 4282 ὁποιασοῦν
898 4219 947 4286 ed·
966 4216 1088 4282 cainub.
1103 4214 1137 4281 ἃ
1153 4214 1235 4300 seqq.
1248 4234 1320 4277 cum
1332 4209 1455 4295 ΜΒ.

448 4325 529 4389 citra
545 4321 753 4387 necessitatem
766 4322 800 4388 dt
815 4321 922 4389 invitis
936 4323 1065 4389 vetustis
1081 4323 1177 4388 libris.
1218 4306 1311 4404 litlot
1331 4316 1455 4393 correxi

449 4451 524 4504 enm
537 4430 563 4495 F
563 4430 622 4508 lor,
665 4430 811 4508 Mendose
826 4420 900 4526 ip'r‘ln
914 4433 984 4498 edd.
1000 4452 1074 4509 oum
1084 4430 1199 4507 ceteris¹
1211 4428 1305 4504 codd,

1369 4630 1457 4724 Vens,
1475 4666 1479 4674 ·
