4084 5484
612 609 675 663 202
933 613 1298 664 annonarum!

471 813 542 872 vell.
557 829 584 882 4.
609 773 668 837 5¹¹²
687 770 725 833 ab
742 766 919 853 Hyrcania,
947 769 1059 851 partim
1082 771 1177 834 etiam
1191 791 1209 834 a
1223 770 1363 852 Parthia,
1388 772 1539 857 separant,
1558 773 1620 858 (α,

607 876 770 945 Strab.Xl.
784 895 814 959 p.
824 890 895 956 514.
904 872 938 938 δι
947 873 1153 941 Ptolemaeum
1166 876 1280 946 libVI.
1294 900 1321 945 c.
1330 897 1360 944 2.
1374 883 1428 964 qui
1441 882 1478 944 ab
1493 883 1617 950 oriente

607 986 722 1052 Mediae
744 981 954 1049 &Parthiam
981 979 1015 1046 δι
1034 982 1227 1067 Hyrcaniam
1251 984 1374 1071 ponit.)
1415 989 1497 1072 Mire
1521 1009 1616 1073 porro

606 1092 755 1157 convenit
765 1091 836 1154 haec
853 1089 933 1153 ratio
949 1109 1023 1153 cum
1036 1089 1148 1155 itinere
1163 1092 1234 1168 illo,
1253 1095 1337 1177 quod
1350 1094 1388 1158 ab
1402 1093 1564 1161 Antiocho
1576 1117 1615 1160 ex

603 1203 706 1267 Media
720 1200 753 1262 in
763 1197 918 1261 Parthiam
933 1196 1106 1278 susceptam
1121 1197 1271 1282 Polybius
1285 1211 1388 1267 narrat
1400 1203 1454 1274 lib.
1465 1203 1509 1270 Χ.
1525 1207 1553 1270 c'.
1563 1208 1616 1281 28.

601 1308 656 1373 nbi
671 1301 783 1370 Madia
789 1303 959 1391 finitimum
969 1314 1160 1369 mmwratar
1173 1304 1340 1392 desertum,
1365 1329 1424 1394 per
1444 1312 1531 1396 qnod
1549 1312 1613 1378 Aa·

601 1414 730 1481 tiochus
751 1411 889 1496 trajecit,
928 1430 969 1474 ex
988 1409 1096 1476 Media
1116 1414 1150 1477 ia
1169 1413 1337 1481 Parthiam
1357 1401 1476 1482 ducena
1497 1419 1616 1484 exerei.

602 1529 689 1587 tum:
713 1521 797 1605 quod
809 1519 908 1601 ipsum
922 1515 1031 1601 utique
1045 1519 1130 1585 idem
1150 1521 1226 1588 illud
1240 1524 1363 1588 videtur
1375 1522 1437 1589 esse
1449 1525 1614 1602 desertum.

602 1630 693 1713 cujus
712 1626 867 1692 hocloco
887 1626 1081 1690 mentionem
1106 1624 1220 1693 factam
1250 1631 1405 1699 videmus.
1447 1632 1491 1698 Et
1513 1632 1614 1698 Ptole·

600 1755 702 1800 maeus
715 1735 831 1819 pariter
845 1735 936 1814 (loco
954 1733 1042 1816 supra
1056 1736 1172 1817 citato)
1186 1756 1207 1800 a
1219 1736 1345 1804 mnidie
1357 1738 1501 1805 Parthia
1515 1739 1612 1807 deser·

599 1855 670 1907 tum
683 1843 788 1926 ponit,
818 1843 901 1925 quod
914 1837 1086 1906 Carmaniae
1100 1844 1263 1922 adtribuit,
1290 1842 1325 1909 dr
1343 1842 1546 1913 carmulam
1564 1846 1612 1912 de·

591 1946 713 2038 satam
729 1958 837 2013 vocat:
858 1947 1033 2029 eodemque
1048 1949 1144 2012 modo
1158 1947 1402 2035 Agathemerua,
1412 1954 1509 2039 ,cnjus
1522 1953 1613 2022 verba

600 2058 709 2123 retulit
722 2054 872 2120 Cellarius
886 2054 943 2118 ΙΙΙ.
958 2070 1008 2119 2ο.
1021 2061 1136 2137 p.814.
1157 2084 1201 2107 »-
1235 2078 1417 2126 anrsnrvs
1434 2063 1494 2139 ait,
1514 2061 1611 2127 deser·

600 2175 668 2231 tum
692 2185 711 2228 a
731 2163 865 2246 Polybio
887 2158 1054 2246 significari
1074 2161 1167 2241 illud,
1198 2167 1283 2249 quod
1302 2168 1385 2231 inter
1403 2165 1559 2236 Persidem
1576 2165 1611 2234 dr

598 2272 810 2357 Segjestanam
828 2269 1012 2345 intercedit,
1040 2269 1157 2353 dequo
1182 2272 1326 2337 conferre
1340 2274 1431 2358 jubet
1444 2275 1610 2342 Abulfedae

596 2382 659 2446 tab.
675 2378 729 2444 xl.
750 2375 785 2443 dr
803 2375 877 2442 ΧΠ.
926 2374 1027 2439 Nobis
1048 2396 1125 2439 vero
1153 2392 1236 2443 nunc
1265 2381 1391 2464 quidem
1415 2402 1482 2447 non
1510 2392 1608 2459 vacat,

595 2488 716 2554 Arabas
731 2484 893 2549 consulere
908 2480 1134 2566 Geographos:
1158 2483 1210 2547 sed
1223 2507 1263 2549 ex
1277 2489 1324 2551 eis
1329 2533 1341 2566 ,
1361 2507 1435 2573 quae
1449 2489 1552 2584 adbuc
1566 2489 1609 2554 di·

594 2595 804 2681 sputavimus,
834 2590 993 2677 probabile
1012 2590 1120 2672 utique
1133 2588 1204 2655 fieri
1216 2605 1381 2676 putamus,
1407 2617 1487 2662 vero
1507 2595 1608 2682 proxi·

593 2723 677 2767 mam
700 2699 760 2764 esse
784 2700 869 2763 illam
888 2692 1115 2781 conjecturam,
1144 2718 1240 2781 qnam
1260 2700 1295 2766 in
1314 2723 1370 2766 ora
1386 2705 1461 2768 cod.
1477 2703 1606 2789 Reg-Aa

592 2806 780 2896 propositam
795 2806 947 2880 diximus,
976 2803 1046 2874 ἴσως
1059 2802 1256 2892 Παρθυηνῆς.
1297 2809 1342 2874 At
1365 2810 1516 2893 quoniam
1536 2811 1607 2877 Par·
1647 2829 1650 2858 ¹

590 2917 656 2982 thia
670 2913 793 2979 Graecis
814 2933 876 2974 non
893 2910 991 2974 solum
1009 2903 1182 3000 Παρθυηνᾷ
1201 2915 1252 2980 vel
1271 2909 1464 3002 Παρθυῇνη,
1492 2937 1605 2983 verum

591 3025 687 3091 etiam
707 3016 926 3104 Παρθυαία
949 3017 993 3084 est
1010 3015 1110 3093 dicta,
1137 3019 1231 3102 (vide
1251 3021 1350 3087 Strab.
1366 3023 1470 3109 XLp.
1485 3040 1549 3108 514
1563 3025 1606 3112 sq.

590 3129 626 3197 ἃ
639 3130 747 3212 Steph.
767 3128 845 3210 Byz.
867 3128 898 3188 in
918 3122 1125 3208 Παρθυαῖοι.)
1146 3126 1270 3210 quodfi
1292 3129 1479 3210 statuamuS,
1504 3142 1604 3196 ssat*-

591 3244 763 3304 nTA1Ac
779 3233 924 3296 hocloco
940 3229 1082 3316 scripsisse
1091 3232 1266 3316 Polybium,
1286 3240 1417 3320 pronior
1427 3239 1496 3318 sere
1508 3242 1605 3310 etiam

587 3365 629 3407 ex
652 3343 710 3405 hae
733 3342 898 3425 scriptura,
925 3359 1018 3422 quam
1038 3360 1077 3402 ex
1097 3352 1315 3415 narraclnc,
1344 3345 1441 3412 suerit
1458 3346 1602 3414 transitus

590 3452 623 3516 in
639 3456 913 3519 narorcrac,
932 3450 1015 3532 quod
1029 3446 1170 3531 plerique
1184 3445 1219 3513 da
1234 3450 1330 3516 inhia
1345 3452 1602 3528 vetustiffamieo·

586 3559 675 3624 dices
691 3553 786 3619 nostri
802 3554 925 3620 habent.
1357 3620 1361 3624 .
1587 3614 1594 3630 .

654 3663 733 3728 [bid.
750 3653 911 3745 Ταπύρων.
956 3655 1209 3745 Taneipoavsolus
1224 3663 1311 3749 Aug.
1350 3697 1396 3718 -·
1437 3666 1520 3736 Ibid.
1534 3655 1605 3755 affl

587 3773 641 3855 τῆς
653 3765 815 3855 Ὑρκανίας
831 3762 987 3851 &abstitit
1010 3763 1045 3831 οὐ
1063 3762 1143 3837 πολι)
1163 3765 1333 3854 διέστηκεν,
1360 3776 1414 3858 qui
1435 3773 1601 3862 (Tapyro-

586 3903 658 3948 rum
671 3879 811 3954 montes)
825 3897 884 3941 non
898 3879 986 3959 longe
1000 3870 1108 3958 alffuat
1128 3876 1168 3941 ab
1187 3876 1345 3961 Hyrcania
1356 3884 1449 3948 mari.
1491 3883 1601 3949 Casan·

586 3991 707 4064 bonus,
728 3988 781 4072 qai
795 4005 854 4049 non
866 3987 953 4066 laage
968 3978 1076 4064 alasunt
1090 3981 1130 4046 ab
1146 3982 1325 4066 Hyrcani&
1352 4007 1424 4073 quae
1441 4010 1517 4058 vera
1530 3992 1599 4077 ,qui-

586 4098 659 4161 dem
675 4096 720 4159 est
733 4094 899 4167 sententia,
921 4091 971 4153 sed
987 4111 1051 4152 non
1066 4091 1230 4173 respondet
1247 4095 1350 4160 verbis
1366 4096 1502 4181 Polybii.

447 4206 561 4271 vult.
654 4201 741 4283 Veis.
757 4198 787 4265 6.
815 4194 1053 4263 Ἀποὶλωααῖτιν
1077 4189 1194 4283 χώραν.
1237 4200 1328 4268 Coos.
1351 4205 1389 4267 ad
1408 4223 1477 4289 cap.
1493 4209 1598 4289 43,ss

586 4313 677 4378 Adde
696 4331 763 4393 cap.
781 4314 873 4389 51‚8·
896 4306 930 4374 ἃ
949 4325 1015 4389 cap.
1038 4320 1090 4386 52.
1130 4335 1176 4356 ··-
1217 4306 1296 4374 Ibid.
1319 4302 1440 4395 zdapaa
1458 4301 1535 4397 spot.
1578 4308 1596 4379 ὅ

585 4412 704 4504 Ζαίγρας
718 4436 786 4501 cap.
802 4431 850 4497 54,
867 4433 897 4495 7.
917 4412 951 4477 δι
970 4427 1018 4495 55.
1033 4411 1065 4477 6.
1106 4414 1252 4478 Mendose
1267 4415 1298 4479 h.
1312 4416 1334 4480 l.
1349 4409 1384 4482 αδ
1398 4412 1518 4505 Ξάγρον
1528 4411 1596 4506 ’ὅρος

583 4530 633 4595 ed.
654 4549 680 4593 ι.
703 4525 778 4591 ssav.
797 4524 881 4593 Flor.
923 4514 958 4588 ai
979 4514 1110 4608 Ζάγριον
1128 4511 1195 4610 ’ὅρος
1213 4520 1324 4590 Strabo
1342 4525 1465 4608 scribit,
1491 4550 1594 4615 eoque

1458 4635 1595 4705 Mediam
