4084 5484
559 673 561 678 ,
583 593 649 668 104
902 591 1274 661 Annornrrorruu¹

436 704 570 737 u

437 741 568 757 *ιι-

449 810 523 872 Μ
534 825 560 888 7.
574 727 618 821 'in
631 750 807 816 Acarnania
819 749 996 815 etiamnunc
1011 748 1072 813 fuit
1083 747 1259 831 Philippus,
1280 695 1337 832 qui
1348 746 1385 813 ab
1397 740 1458 809 boc
1471 741 1591 828 oppido

587 860 626 929 ud
641 856 793 932 Stratum,
823 876 894 939 quae
915 855 948 921 dr
963 855 1026 940 ipsa
1041 856 1073 919 in
1091 856 1263 918 Acarnania
1280 854 1339 932 est,
1364 854 1523 938 promovit
1542 873 1592 915 ca·

587 966 666 1042 stra,
695 984 731 1027 ac
745 965 857 1026 deinde
875 966 1000 1030 demum
1014 964 1107 1047 (cap.
1121 961 1197 1043 64.)
1210 963 1388 1028 Acheloum
1402 961 1533 1025 fluvium
1548 958 1595 1021 su·

486 1055 488 1064 ¹
590 1073 711 1160 peravit
723 1068 758 1137 δι
772 1070 967 1136 inAetoliam
979 1072 1105 1155 proprie
1121 1072 1310 1135 nominatam
1325 1068 1369 1133 est
1384 1064 1594 1150 transgrelius.

591 1179 697 1256 Quare
713 1176 843 1242 &idem
858 1159 1031 1261 oppidum}
1052 1181 1090 1244 de
1107 1200 1170 1264 quo
1189 1198 1272 1245 nunc
1289 1180 1410 1262 agitur,
1429 1174 1539 1239 diserte
1560 1174 1595 1236 in

594 1285 771 1353 Acarnania
790 1284 993 1369 Thucydides
1011 1288 1131 1370 posuit:
1161 1310 1248 1361 narn,
1273 1306 1344 1370 quae
1356 1284 1436 1369 apud
1449 1302 1520 1347 eum
1536 1278 1612 1364 dlv-¹

595 1392 648 1459 ria
664 1393 760 1477 vulgo
774 1403 924 1471 vocatur,
945 1393 1002 1461 ΠΙ.
1021 1392 1090 1460 106.
1111 1415 1175 1459 non
1197 1393 1257 1457 elle
1279 1392 1428 1458 diversam
1441 1413 1460 1454 a
1473 1386 1599 1471 Pol'ybii

595 1496 742 1571 Φοιτίοας,
768 1500 888 1564 itineris
904 1504 982 1566 ratio
996 1503 1147 1581 declarat,
1173 1514 1209 1567 ut
1231 1497 1315 1567 reue
1336 1498 1458 1564 monuit
1478 1495 1599 1560 Palme-

595 1608 672 1675 rius.
713 1605 840 1683 Quodli
854 1628 928 1671 vero
943 1610 1108 1693 imperium
1121 1606 1309 1695 spectamus,
1323 1609 1388 1672 cni
1409 1620 1483 1670 tunc
1503 1602 1599 1687 subje-

457 1737 459 1742 ’
595 1710 680 1778 stum
694 1714 751 1778 luit
766 1714 827 1778 hoc
840 1717 1004 1799 oppidum,
1033 1715 1160 1786 Aetolia
1174 1717 1268 1781 fuerit
1286 1716 1499 1788 tribuendum,
1525 1710 1600 1793 quia

596 1822 630 1887 in
652 1818 828 1886 Aetolorum
847 1824 907 1887 fuit
925 1823 1087 1907 potestate.
1132 1828 1236 1909 Atque
1263 1826 1372 1887 eadem
1399 1821 1480 1885 ratio
1504 1816 1602 1882 Strati

596 1927 682 1992 urbia
697 1927 750 1992 est.
772 1927 877 2006 (conf.
891 1932 929 1994 ad
944 1930 983 1994 ul'.
1000 1931 1076 2012 ro.)
1118 1917 1212 2008 Quod
1234 1952 1310 1996 vero
1331 1931 1415 1994 idem
1437 1928 1599 2011 oppidum,

597 2028 653 2106 mit
667 2027 800 2108 Aeneiae
818 2040 868 2101 vel
883 2035 1018 2111 Φοιτίας,
1049 2040 1108 2107 alia
1128 2040 1221 2105 etiam
1241 2037 1459 2103 terminatione
1481 2030 1603 2100 Φοίτιον

599 2138 716 2207 dilium
726 2137 861 2228 legimus
877 2149 958 2229 apud
975 2148 1120 2211 eumdem
1133 2146 1339 2229 Stephanum,
1366 2165 1407 2207 ex
1420 2139 1602 2207 confusione

481 2235 488 2244 ⁵
598 2251 729 2333 quadam
747 2250 868 2316 sortasse
886 2250 1013 2318 fastum.
1055 2251 1148 2317 Certe
1166 2255 1202 2316 'ab
1217 2252 1279 2319 hoc
1292 2250 1445 2317 diversum
1458 2249 1534 2316 illud
1548 2247 1604 2325 est,

598 2360 683 2442 quod
699 2357 747 2423 lib.
761 2356 803 2425 V.
817 2377 848 2441 7,
862 2378 892 2441 7.
909 2370 1063 2424 memorat
1079 2359 1244 2443 Polybius,
1268 2341 1418 2442 quodibi
1439 2354 1604 2419 Φοίτεον

598 2466 695 2548 vulgo
708 2485 780 2530 cnm
794 2468 902 2531 codice
911 2466 986 2533 Bru.
997 2467 1048 2533 sed
1060 2464 1177 2531 fernus
1190 2466 1313 2532 fortaffe
1325 2457 1473 2529 Φότεον
1486 2465 1523 2529 ab
1534 2463 1604 2525 aliis

599 2571 756 2649 scribitur3
778 2572 866 2657 cujus
880 2572 954 2641 fitus
971 2576 1004 2639 in
1017 2574 1119 2641 media
1131 2574 1276 2651 Aetolia,
1304 2572 1341 2636 ab
1360 2574 1482 2636 oriente
1504 2570 1607 2634 Ache-

483 2678 487 2686 '
600 2678 645 2743 loi
658 2679 764 2756 fluvii,
791 2681 873 2750 baud
889 2684 999 2765 procul
1011 2682 1168 2758 Thermo,
1196 2680 1267 2745 satis
1287 2680 1369 2743 clare
1388 2680 1431 2742 ibi
1447 2676 1607 2744 definitur.

602 2784 684 2861 Quae
705 2788 768 2850 duo
789 2789 901 2872 oppida
919 2810 1082 2873 perperam
1095 2808 1152 2871 pro
1167 2808 1231 2853 uno
1246 2787 1349 2855 habita
1366 2786 1458 2849 video
1476 2769 1611 2848 acum

601 2893 650 2957 rio
666 2894 697 2956 in
711 2892 829 2979 Geogr.
841 2895 917 2958 Ant.
931 2895 971 2960 ll.
990 2914 1037 2977 13.
1053 2916 1083 2981 p.
1096 2918 1138 2962 m.
1156 2911 1247 2977 1109.
1291 2893 1340 2958 De
1352 2892 1530 2976 'posteriore
1550 2890 1607 2954 illo
1629 2954 1634 2990 ἶ

600 3000 737 3065 Aetoliae
752 3002 867 3084 oppido
880 3003 1134 3085 intelligendum,
1160 3004 1244 3085 quod
1266 3000 1358 3063 habet
1379 2998 1554 3083 Stephanus
1572 2999 1607 3061 in

601 3097 741 3170 Φῦτοαον.
784 3100 929 3181 ulamau,
960 3104 1047 3182 πόλις
1066 3106 1227 3182 Αἰτωλίας.
1271 3099 1424 3188 Πολύβιος
1446 3087 1613 3188 Audrnoirrp.

601 3210 686 3280 Vide
702 3214 796 3300 Reliq.
810 3216 924 3282 libXI.
936 3217 1039 3286 histor.
1054 3218 1162 3302 Polyb.
1178 3240 1204 3281 c.
1219 3233 1266 3298 14,
1276 3234 1305 3294 4.
1320 3215 1473 3278 culleum
1491 3214 1567 3280 vers.
1580 3231 1608 3277 1.

603 3320 698 3396 Quod
715 3340 789 3387 vero
805 3324 884 3407 apud
899 3324 1024 3389 Suidam
1038 3325 1090 3401 est,
1111 3318 1264 3406 divinar·
1287 3314 1380 3403 bacun
1392 3314 1520 3400 almer,
1538 3331 1611 3412 pot-

603 3429 664 3502 erit
678 3434 714 3494 ad
729 3423 870 3506 ubera,
892 3433 990 3496 Elidis
1005 3434 1153 3516 oppidum
1169 3435 1333 3515 pertinere.

666 3537 746 3604 Ibid.
759 3533 962 3623 Ἀκαρνάνων.
1006 3534 1198 3625 ’Auupravu'iv
1213 3542 1261 3604 ed.
1281 3559 1306 3603 1.
1322 3556 1352 3604 2.
1369 3558 1441 3601 cum
1455 3535 1531 3602 Bar.

465 3645 579 3719 Veris.
669 3644 801 3730 Vers.8.
823 3638 1004 3720 radebatur.
1047 3642 1115 3720 roric
1130 3640 1250 3718 ἐνόντας
1270 3648 1348 3711 dixit
1360 3646 1463 3728 supra,
1486 3642 1562 3708 vers.
1578 3648 1610 3711 αἱ

459 3747 464 3760 '
604 3748 660 3828 (dr
674 3751 714 3815 fic
730 3756 760 3819 h.
775 3757 796 3819 l.
815 3757 945 3819 scribere
963 3753 1047 3840 jussit
1067 3755 1191 3820 Casaub.
1206 3757 1238 3819 in
1255 3776 1310 3817 ora
1325 3750 1431 3832 Bafil.)
1463 3745 1531 3823 τοὺς
1550 3754 1609 3832 (yu-

603 3852 768 3940 idriolam
782 3865 824 3932 ait
838 3864 914 3931 vers.
932 3882 960 3945 3.
992 3858 1060 3936 τούς
1076 3862 1158 3929 ἔνδον
1172 3854 1261 3934 burae
1275 3882 1342 3945 cap.
1358 3873 1409 3939 80,
1426 3877 1457 3937 4.
1560 3913 1563 3920 ,

452 3960 581 4031 vuldo.
672 3965 1495 4055 ΙῘενβιο.ἐκτοῦπερικαταληφθέντοςσίτου.
1529 3963 1610 4031 Cum

602 4075 762 4161 legeretur
786 4081 881 4163 vulgo
903 4075 1368 4163 περικωταλειφθέντος,
1391 4077 1423 4142 in
1441 4075 1525 4157 quod
1543 4075 1611 4155 qui·

603 4184 675 4248 dem
697 4206 806 4251 omnes
830 4175 1025 4253 consentiunt
1047 4190 1132 4264 libri;
1168 4203 1370 4257 uursrrrvs,
1398 4199 1451 4247 aut
1474 4183 1609 4267 παραλη-

603 4281 752 4372 &Aaron
761 4298 962 4380 autxurxllylf
965 4294 1077 4368 ἀέντος
1085 4296 1214 4358 scribere
1218 4292 1302 4376 jull'rt
1307 4315 1317 4368 3
1333 4294 1436 4374 aitque
1445 4309 1453 4351 t
1462 4319 1505 4339 ·-
1519 4290 1611 4367 „fuit

603 4401 636 4468 iu
649 4404 716 4471 aliis
732 4404 817 4473 libris
829 4406 891 4481 illa,
912 4408 942 4466 iu
957 4405 1026 4474 aliis
1041 4406 1110 4467 haec
1126 4399 1236 4473 lertio,
1260 4401 1340 4463 unde
1356 4398 1464 4460 tiriolr
1475 4398 1527 4462 illa
1543 4396 1608 4461 vul.

603 4521 677 4599 gata
691 4511 735 4583 est
751 4512 915 4586 conflata.“
936 4546 981 4590 ⁸.-
1006 4513 1089 4586 Ibr'd.
1102 4509 1216 4602 προῆγε
1231 4499 1298 4599 τήν
1318 4498 1492 4592 δύναμιν.
1536 4505 1609 4569 Duo

1509 4612 1610 4704 poste·
