4084 5484
573 550 638 631 680
893 569 1248 623 unicornuum

431 706 553 824 ὦ
575 724 687 811 syllaba
701 749 742 791 πε
757 729 788 794 in
806 731 913 794 vocab.
927 723 1142 814 ποριβλίπτου.
1161 755 1205 778 -
1223 725 1303 794 Ibsd.
1311 723 1508 797 Vocabulum
1519 719 1571 787 dd·

574 833 758 907 ναστοίας
773 837 923 904 nescimus
940 841 1022 904 unde
1038 837 1238 922 depromserit
1249 838 1350 904 editor
1365 831 1574 906 nannenus„

576 961 639 1025 quo
653 945 773 1027 accepit
787 943 1025 1011 casaubonus&
1038 946 1117 1029 seqq.
1139 944 1231 1010 Deest
1241 943 1385 1008 omnibus
1399 941 1512 1006 nostris
1525 961 1576 1004 co·

578 1049 697 1113 dicibus
717 1052 801 1135 Aug.
815 1052 892 1136 Reg.
906 1054 942 1117 E.
959 1055 994 1118 F.
1010 1052 1049 1117 G.
1071 1052 1140 1119 Ves.
1153 1051 1234 1116 Tub.
1274 1049 1323 1115 De
1340 1051 1423 1114 Med.
1446 1047 1482 1114 dt
1500 1046 1578 1116 vrb.

580 1154 700 1220 nihilh.
715 1158 734 1221 l.
751 1157 901 1223 affirmare
911 1159 1076 1244 poss‘umuS.
1098 1157 1371 1243 Sedutiquenutid
1381 1155 1578 1241 ipsumvocu·

580 1259 687 1328 bulum
703 1273 757 1328 eut
771 1265 851 1348 oIIud
865 1264 960 1330 simile
975 1259 1195 1350 req'uitebatur.

430 1366 500 1429 vers.
514 1379 555 1423 ¹1·
647 1365 732 1453 Vos.
747 1389 794 1436 ιι.
823 1365 999 1457 Πυρηναίων
1014 1374 1063 1438 ed
1079 1371 1176 1438 Gron.
1188 1371 1223 1438 dc
1235 1371 1354 1437 Ernest.
1372 1391 1447 1434 cum
1457 1364 1580 1436 Vrsino.

583 1473 625 1539 Et
639 1478 751 1541 eodem
771 1481 865 1544 modo
880 1481 979 1546 codex
997 1481 1084 1566 Aug.
1125 1472 1319 1567 Πνηίηίηναίονν
1340 1479 1390 1544 ed.
1407 1495 1434 1542 ι.
1452 1494 1483 1542 2.
1509 1493 1581 1540 cum

585 1587 660 1645 cett.
685 1585 775 1647 codd.

431 1690 504 1751 vers.
523 1703 563 1748 υ.
653 1684 736 1772 Vers.
758 1709 806 1756 12.
827 1694 881 1776 τῆς
903 1684 980 1779 σ’ίρας
1001 1684 1055 1779 ἤδη
1071 1687 1286 1776 συναπτούσης.
1328 1693 1382 1777 τῆς
1405 1680 1483 1776 ὖίρῦθ
1498 1709 1585 1754 W·

586 1786 694 1878 νούσης
710 1785 845 1871 ἅπαντας
865 1801 983 1866 deerat
995 1800 1037 1868 V.
1053 1817 1103 1883 24,
1122 1821 1149 1867 1.
1192 1799 1253 1866 Sed
1274 1819 1364 1884 aeque
1386 1798 1587 1863 commodum

590 1899 626 1966 dc
640 1903 841 1989 Polybienum
864 1911 992 1972 verbum
1015 1907 1236 1992 συναπτούσης,
1250 1908 1333 1992 quod
1357 1905 1503 1992 solicitnqi
1525 1921 1588 1966 non

591 2008 705 2074 debuit.
745 2014 798 2075 Ad
813 2002 888 2097 ὥρας
909 2015 1047 2098 intellige
1069 2016 1123 2080 τοῦ
1144 2009 1312 2099 οἷναχυρᾶν
1330 2006 1381 2097 καί
1396 1999 1589 2096 reponend-

591 2105 661 2198 ζειν.
684 2139 727 2164 -⁶
747 2117 824 2183 Isiu.
839 2115 878 2191 cic
896 2120 1067 2206 Ταρανῶνα
1088 2144 1158 2188 cum
1181 2120 1289 2189 Vrfiuo
1311 2121 1448 2186 correxit
1466 2115 1591 2183 Cosnub.

591 2221 735 2302 Meqdose
750 2220 790 2297 τίς
803 2225 986 2310 Ταρααῶνας
1000 2231 1049 2293 ed.
1069 2249 1096 2294 ι.
1108 2229 1368 2293 consentientibus
1379 2227 1497 2292 mustis.
1509 2219 1593 2288 cons.

593 2329 631 2391 nd
645 2349 674 2391 c.
691 2347 740 2412 34,
758 2351 785 2396 1.
805 2365 848 2382 -
867 2332 944 2400 lbiu
958 2329 1013 2419 την
1026 2333 1282 2419 παραχειμασίαν.
1309 2334 1381 2399 Post
1400 2333 1463 2398 hoo
1476 2331 1593 2396 Excer-
1640 2367 1644 2376 ·

594 2443 682 2516 ptum
697 2438 771 2502 nihil
785 2440 914 2524 emplius
935 2464 974 2505 ex
990 2443 1070 2508 libro
1082 2443 1123 2510 X.
1137 2443 1230 2510 habet
1244 2441 1346 2510 Codex
1359 2440 1437 2524 Rtg.
1451 2438 1494 2506 E.
1523 2437 1595 2502 Pro·
1639 2385 1644 2548 1

596 2541 679 2604 xima
695 2543 828 2629 Ecloga,
850 2567 920 2631 quae
937 2549 970 2614 in
983 2548 1038 2612 illo
1053 2549 1204 2633 sequitur,
1226 2551 1271 2616 est
1292 2571 1332 2614 ex
1351 2549 1403 2614 lib.
1420 2545 1480 2614 XL
1501 2565 1529 2612 c.
1546 2557 1595 2628 19.

600 2646 710 2714 deinde
724 2671 799 2716 vero
811 2673 851 2718 ex
869 2654 922 2720 Iib.
935 2655 992 2722 XI.
1004 2677 1033 2721 c.
1050 2674 1129 2740 1·3.
1142 2653 1206 2723 &c

444 2855 510 2925 cup.
526 2857 593 2916 XII.
914 2845 993 2911 CA
1014 2848 1039 2911 P
1060 2846 1143 2915 VT
1192 2847 1287 2914 XLI.

463 2967 534 3024 Vers·
550 2982 574 3023 1·
665 2965 748 3053 Vens.
767 2990 793 3037 1.
818 2972 864 3038 Οί
871 2973 928 3049 μὲν
941 2975 1072 3040 Αἰτωλοί
1085 2969 1269 3060 προσφάτους
1286 2967 1517 3059 ἐπηρμένονᾶε.
1535 2971 1601 3037 Pae-

601 3090 642 3134 ne
656 3075 693 3136 ad
707 3078 834 3141 uerbum
846 3080 915 3144 haec
930 3079 1093 3168 &reliqua
1106 3085 1198 3167 hujus
1217 3084 1327 3167 capitis
1347 3079 1381 3146 dc
1394 3101 1460 3165 cap.
1474 3081 1536 3163 seq.
1551 3101 1603 3142 ex·

602 3177 706 3263 preffit
719 3183 824 3250 Livius
837 3186 888 3253 Iib.
904 3185 1052 3254 XXVIII.
1069 3206 1098 3271 5.
1121 3192 1152 3253 in
1169 3190 1261 3254 rebus
1275 3188 1400 3271 quidem
1422 3189 1494 3251 anni
1510 3189 1547 3251 ab
1562 3185 1604 3253 V.

604 3284 640 3349 C·
657 3304 728 3369 547·
749 3321 793 3338 —-
815 3290 894 3360 Ibid.
910 3287 1026 3368 πάντας
1043 3293 1237 3375 ἐξέπληττον.
1278 3288 1390 3366 τοίντες
1402 3295 1451 3357 ed.
1471 3313 1497 3358 ι.
1509 3307 1606 3357 teme·

604 3412 639 3454 re
654 3392 687 3458 dc
700 3398 805 3462 Invitis
821 3402 937 3469 msstis.
960 3434 1003 3451 -
1028 3402 1106 3467 Ibid.
1122 3397 1269 3467 Πόπλιον.
1306 3402 1344 3466 P.
1358 3401 1521 3484 Sulpicium
1535 3400 1607 3464 Gal·

605 3499 666 3563 ίνην
681 3504 765 3574 dicit,
780 3518 815 3569 ut
828 3529 866 3569 ex
878 3509 966 3574 Livio
981 3510 1132 3574 discimus.
1154 3510 1384 3574 conserAduot.
1398 3509 1437 3570 ud
1450 3505 1506 3570 IX
1516 3524 1567 3586 qe,
1580 3525 1607 3578 ν,

469 3617 540 3678 vers.
555 3625 579 3678 I.
670 3609 707 3673 V
702 3608 755 3692 euss
773 3631 801 3675 2.
824 3613 1005 3695 Μαχανίδαν
1018 3617 1154 3681 correxit
1169 3615 1291 3680 Casaub.
1313 3611 1480 3695 Μαχανίδαν
1494 3615 1523 3676 h.
1531 3615 1551 3676 l.
1559 3616 1608 3676 cd.

611 3732 639 3777 1.
652 3735 724 3780 cum
740 3720 855 3786 mostis.
896 3722 972 3785 Erat
993 3735 1096 3786 autem
1115 3720 1337 3800 Machanidas,
1357 3720 1609 3785 Lacedaemonio·

609 3841 678 3886 rum
692 3833 858 3908 tyrannus,
881 3851 898 3891 a
916 3829 1149 3913 Philopoemene
1164 3831 1274 3894 deinde
1289 3848 1369 3891 anno
1382 3827 1521 3910 sequenti
1534 3846 1610 3909 prae·

606 3929 650 3992 lio
666 3928 766 3994 vitius
784 3935 971 4017 occisusque,
988 3953 1023 3999 ut
1040 3940 1134 4001 docet
1147 3936 1198 4001 lib.
1209 3935 1266 4000 XI.
1286 3957 1313 3998 c.
1332 3955 1366 3998 ιι
1383 3934 1465 4017 seqq.

473 4049 542 4110 ναί.
559 4063 582 4122 η.
671 4035 757 4122 Verfi
777 4059 805 4121 3.
826 4039 947 4104 Boterdi
966 4043 1004 4105 dd
1025 4036 1160 4114 δεδιότες.
1225 4038 1273 4114 δέ,
1293 4062 1366 4106 cum
1378 4061 1541 4125 perperam
1562 4041 1613 4103 de·

609 4142 684 4208 esset
697 4148 788 4211 editis
804 4146 837 4211 dc
850 4151 972 4224 ωεεῑῐε,
995 4150 1175 4233 adjecimus,
1197 4150 1307 4213 moniti
1328 4151 1422 4212 etium
1443 4149 1479 4212 ub
1492 4145 1613 4220 Vrsino.

613 4250 775 4316 Gronovio
793 4255 826 4320 de
840 4257 914 4320 Rois
916 4257 979 4322 uio.
1003 4287 1049 4302 ··-
1083 4255 1162 4321 leid.
1181 4239 1415 4335 φαλαπονοίτατα
1428 4276 1490 4316 non
1508 4253 1616 4316 debuit

612 4360 765 4425 solicitari.
788 4363 1129 4447 EstipsumIatinorum
1143 4361 1615 4450 operofifflme‚loboriofifflme.-

611 4465 689 4532 Ibid.
704 4464 803 4552 ἠξίουν
817 4465 883 4536 τινοὶ
897 4466 1034 4558 πρόνοιαν
1048 4472 1106 4536 τῶν
1119 4469 1279 4551 πολεμίων.
1322 4461 1444 4557 πρόνοια
1457 4471 1515 4534 τῶν
1527 4469 1616 4532 πολε·

1542 4571 1616 4658 μίαν
