4084 5484
661 609 664 616 ·
774 612 834 665 uo
859 612 1018 663 noun.
1040 616 1094 682 ιν.
1120 612 1171 682 ¹⁴·
1436 618 1477 687 23

463 766 608 853 Polybii,
628 764 730 832 idibus
751 767 872 834 Martiis
895 768 969 832 novi
989 767 1138 835 Consules
1163 768 1375 855 magistratum
1396 772 1476 837 inire
1493 718 1627 873 ᾗ

463 876 704 941 consueverunt.
718 874 808 957 (vide
823 873 1017 945 LiuXXVL
1033 897 1061 943 ι.
1079 876 1230 943 XXXIX.
1247 895 1298 961 52.
1316 879 1395 945 XLI.
1404 879 1434 958 6,
1443 885 1474 958 8.

461 981 498 1049 dt
513 983 599 1067 Epit.
618 982 689 1046 libri
707 981 835 1049 XLVII.
855 983 961 1074 ibique
982 982 1200 1071 interpretes.)
1244 984 1371 1071 Itaque,
1399 1010 1472 1054 cum
1509 989 1514 1002 '

463 1109 563 1157 annus
577 1109 725 1156 romanus
740 1089 873 1175 Polybio
891 1091 990 1157 veluti
1004 1094 1145 1157 mensura
1158 1090 1249 1165 esset,
1271 1094 1360 1177 juxta
1378 1116 1471 1180 quam

458 1221 566 1268 rerum
580 1198 734 1286 gestarum
747 1199 954 1262 narrationem
969 1201 1152 1285 partiretur,
1183 1196 1254 1264 fieri
1274 1198 1337 1265 fine
1360 1221 1470 1288 perpe·

458 1321 512 1377 tun
525 1305 705 1374 consusrone
719 1325 783 1370 non
796 1315 930 1390 poterat,
952 1314 988 1370 ut
1002 1307 1036 1371 iu
1048 1315 1225 1391 temporum
1238 1310 1399 1396 notatione
1411 1328 1469 1395 per

456 1415 664 1501 Olympiades
683 1412 799 1497 (quim
817 1409 1048 1479 Graecorumin
1059 1415 1191 1499 gratiam
1214 1413 1372 1495 adhibuit)
1395 1416 1469 1487 anni
1577 1396 1583 1412 ¹

456 1523 604 1608 cujusque
629 1520 782 1605 olympici
802 1520 925 1585 initium
946 1544 965 1585 a
986 1522 1089 1586 media
1110 1520 1230 1598 aestate,
1268 1519 1302 1587 dr
1324 1545 1342 1585 a
1361 1524 1467 1588 medio

454 1632 523 1697 sere
542 1649 624 1694 anuo
641 1647 772 1692 romano
794 1627 949 1692 statueret
991 1626 1098 1703 Quare
1117 1648 1273 1713 quemque
1289 1650 1402 1693 annum
1414 1651 1466 1695 ro·

453 1756 597 1812 manum,
618 1734 707 1817 cujus
727 1734 829 1797 media
851 1732 956 1799 aestate
972 1733 1122 1819 Olympia
1138 1737 1292 1802 celebrata
1308 1736 1390 1814 sunt,
1420 1746 1464 1823 at·

452 1864 515 1929 que
529 1844 607 1907 adeo
622 1861 706 1905 nova
720 1840 885 1925 Olympias
903 1843 955 1926 agi
975 1851 1133 1933 coeperat,
1158 1853 1260 1908 totum
1281 1863 1339 1928 pro
1359 1825 1471 1929 primo
1516 1919 1519 1924 ,

452 1969 535 2015 unno
548 1949 615 2035 eJus
629 1947 826 2031 Olympiadis
840 1968 1003 2014 numerare
1018 1952 1196 2026 consuevit3
1225 1944 1327 2017 totum
1348 1972 1463 2041 annum

449 2058 630 2144 sequentem
646 2075 831 2133 romanum,
850 2075 907 2140 pro
924 2037 1081 2133 secundos
1099 2055 1133 2123 dt
1149 2056 1189 2121 fic
1209 2059 1367 2143 deinceps.

514 2166 623 2249 Atque
637 2164 743 2245 (uteo
758 2163 941 2239 redeamus,
964 2165 1048 2229 unde
1061 2162 1220 2250 progressa
1240 2165 1310 2230 haec
1332 2165 1463 2251 disputa·

449 2271 495 2340 tio
513 2272 577 2350 cst)
592 2266 750 2346 eumdem,
778 2289 870 2353 quam
886 2270 1074 2347 modo'dixi,
1102 2273 1256 2337 rationem
1269 2244 1472 2339 observatam
1598 2275 1608 2292 ⁶

449 2379 644 2464 uScriptore
662 2377 782 2453 nostro,
807 2378 840 2439 in
862 2397 901 2440 eo
917 2396 999 2441 anno
1019 2379 1179 2455 videmus,
1207 2399 1301 2464 quern
1323 2382 1460 2465 primum

446 2507 562 2553 anuum
587 2495 731 2549 numerat
751 2483 948 2569 Olympiadis
971 2503 1057 2549 oxu.
1109 2485 1190 2549 Nam
1211 2486 1288 2551 licet
1310 2488 1460 2571 nusquam

446 2593 558 2658 diserte
583 2590 740 2667 declaret,
767 2610 859 2674 aqua
880 2601 968 2673 parte
987 2592 1059 2655 anni
1078 2595 1200 2656 romani
1221 2595 1344 2657 initium
1364 2569 1469 2676 faciat'

444 2699 539 2786 hujus
553 2700 624 2764 anni
646 2717 673 2763 r.
690 2698 819 2781 Olymp.
836 2715 916 2761 cxi„
937 2708 1040 2761 tamen
1057 2700 1176 2762 exitum
1193 2699 1260 2783 ejus
1277 2700 1348 2767 sutis
1366 2701 1459 2766 adcu-

444 2820 511 2874 rate
538 2805 650 2873 definit
678 2806 733 2870 lib
750 2803 805 2871 IV.
827 2824 855 2866 c.
869 2801 920 2867 66.
942 2804 995 2866 ubi
1018 2807 1163 2882 eumdem
1186 2807 1216 2869 ci
1229 2804 1326 2870 finem
1340 2806 1458 2889 statuit,

445 2934 539 3000 quern
556 2934 638 2979 auno
655 2912 822 2988 consulari,
848 2930 911 2994 quo
926 2910 959 2976 L.
977 2912 1130 2975 Aemilius
1150 2912 1341 2978 consulatum
1354 2912 1456 2998 gesiit,

443 3024 473 3088 id
488 3021 545 3099 est,
565 3042 647 3086 anno
662 3017 759 3087 Vrbis
775 3032 845 3101 535.
884 3007 1009 3081 E'ten'im
1021 3019 1086 3106 post
1101 3018 1287 3103 triumphum
1301 3019 1337 3084 L.
1352 3018 1455 3087 Armi·

443 3131 475 3197 ii
485 3130 525 3195 de
539 3128 671 3212 Illyriis,
699 3122 739 3192 Θ
754 3125 819 3212 post
839 3144 985 3188 novorum
1006 3121 1163 3206 Consulum
1183 3128 1379 3204 creationem,
1409 3130 1466 3198 P..

443 3234 590 3312 Cornelii,
615 3234 680 3299 sib.
692 3232 873 3316 Sempronii,
894 3233 964 3315 (qul
982 3233 1014 3294 in
1029 3252 1144 3296 annum
1158 3231 1254 3299 Vrbis
1270 3234 1342 3318 536.
1355 3236 1454 3303 creati

399 3367 401 3372 ·
443 3344 525 3425 sunt)
538 3336 658 3427 exiiffr,
680 3342 741 3418 ait,
758 3340 894 3424 primum
908 3357 1022 3403 annum
1034 3338 1224 3422 Olympiadis
1238 3362 1325 3409 cxi..
1356 3341 1454 3419 Quod

399 3519 404 3548 ,
441 3450 517 3518 licut
538 3449 691 3515 convenit
710 3468 782 3512 cum
803 3468 860 3523 eo,
894 3446 979 3530 quod
1000 3445 1059 3511 111.
1084 3461 1132 3527 15,
1155 3465 1184 3530 7.
1206 3449 1302 3526 dicit,
1333 3451 1453 3517 ineunte

441 3560 544 3647 astate
558 3556 596 3621 L.
615 3553 776 3619 Aemilium
791 3548 942 3637 Consulem
965 3554 1106 3637 'adeoque
1129 3556 1305 3641 paulopost
1327 3558 1451 3626 initium

442 3668 511 3732 anni
524 3664 624 3732 Vrbis
640 3651 727 3745 5'35.)
741 3663 772 3726 iu
786 3660 941 3742 Illyricum
954 3655 1009 3745 effi
1018 3655 1136 3744 miffum
1150 3682 1229 3726 auno
1237 3664 1341 3747 primo
1347 3664 1450 3747 Olym-

423 3847 427 3858 Ι
437 3773 542 3857 piadis
558 3791 646 3834 cxi..
661 3767 695 3835 ἃ
706 3790 780 3833 curn
796 3789 852 3844 eo,
875 3770 959 3853 quod
976 3766 1032 3831 Ill.
1054 3772 1168 3857 1'9,·12.
1182 3769 1298 3847 scribit,
1324 3780 1464 3838 exeunte·

440 3878 568 3964 ejusdcm
590 3878 664 3943 uniri
684 3877 801 3964 astate,
820 3863 870 3938 'ex
886 3874 1007 3956 Illyrico
1020 3870 1135 3959 rediiffe
1150 3873 1332 3942 Aemilium:
1350 3878 1392 3944 fic
1405 3881 1451 3944 iu·

440 3972 613 4073 telligitur,
638 4006 678 4047 ex
697 3983 820 4067 Polybii
834 3983 954 4046 ratione
965 3982 1124 4066 integrum
1142 4004 1254 4049 anuum
1277 4005 1303 4052 1.
1319 3988 1463 4073 Olymp..

440 4115 523 4160 cxc.
539 4092 725 4177 respondere
746 4090 871 4172 integro
886 4107 967 4153 anno
982 4088 1132 4153 consulari
1149 4107 1219 4175 535.
1235 4093 1270 4160 dc
1283 4096 1399 4159 nullam
1412 4096 1451 4170 il·⁴

437 4201 497 4265 lius
512 4211 635 4283 partem
651 4196 760 4260 referri
774 4196 836 4259 ullo
850 4196 969 4260 ratione
985 4197 1023 4260 ad
1039 4216 1153 4260 anuum
1170 4189 1359 4286 superiorem
1374 4207 1447 4287 534

436 4304 532 4392 polI‘e.
567 4303 634 4369 Iam
650 4324 727 4366 vero
744 4321 794 4366 res
810 4321 874 4376 eae,
896 4322 972 4386 quas
985 4302 1047 4366 hoc
1064 4301 1152 4383 loco,
1173 4307 1283 4393 inquo
1300 4312 1447 4396 interpre.

436 4417 529 4482 tundo
547 4410 723 4489 versamur,
751 4409 892 4493 exposuit
905 4409 1072 4493 Polybius,
1096 4431 1160 4475 non
1173 4413 1232 4495 {sub
1258 4416 1359 4482 finem
1375 4420 1450 4486 anni

435 4518 531 4592 Vrbis
547 4535 623 4605 534
642 4516 694 4584 sed
712 4515 806 4603 paulo
830 4515 897 4599 post
919 4516 986 4599 ejus
1001 4517 1124 4582 initium
1137 4522 1323 4591 acciderant.
1365 4528 1448 4594 Nam

945 4622 971 4687 Β
995 4639 1015 4706 4
1401 4634 1455 4702 sub

710 4691 721 4728 l
