4084 5484
704 634 761 681 an
781 632 940 679 roura.
963 633 1000 679 x.
1021 629 1075 698 44·
1094 629 1148 701 45·
1362 612 1432 700 ⁶93

427 903 495 951 :nm
509 892 542 954 in
556 890 621 954 icoo
634 882 766 973 frixere,
785 892 895 975 absque
911 891 1143 977 praepofiuone,
1161 912 1234 957 cum
1246 895 1355 980 eadem
1374 889 1427 960 ed,

426 1014 449 1061 v.
472 997 667 1062 consentiant
680 998 749 1061 libri
762 1019 889 1074 omnes,
908 1002 1105 1065 commodius
1117 989 1239 1082 sortasse
1255 1002 1352 1064 videri
1372 1003 1424 1064 de·

427 1101 527 1178 vebit,
548 1122 620 1168 curn
640 1093 1019 1187 Scaligero'lroruxrie
1043 1107 1220 1189 corrigere,
1240 1126 1331 1189 quam
1352 1128 1426 1171 curn

426 1207 601 1274 :asaubono
614 1208 861 1295 praepositionem
878 1206 925 1274 δι’
938 1213 1079 1297 adjicere.
1123 1210 1285 1296 Adjeuivo
1300 1214 1428 1276 nomine‘

426 1307 572 1398 ’σοταχῆξ
592 1318 694 1402 paullo
714 1330 786 1385 ante
814 1319 906 1402 (vers.
919 1315 968 1403 9.)
990 1320 1076 1383 usum
1096 1318 1260 1403 Polybium
1282 1319 1427 1396 vidimus,

426 1424 507 1487 rude
518 1422 596 1505 justa
617 1426 758 1509 analogia
771 1425 949 1491 adverbium
972 1414 1126 1507 ἰσοταχῶξ
1144 1427 1321 1502 deducitur,
1343 1426 1428 1509 quod

426 1530 504 1612 rpud
523 1528 706 1596 Strabonem
723 1532 817 1595 etiam
835 1533 900 1615 legi
925 1532 967 1596 H.
996 1530 1171 1617 Stephanus
1189 1533 1319 1599 monuit.
1348 1524 1434 1596 Ter·⁴

426 1636 627 1701 ninationum
645 1658 722 1701 vero
738 1638 784 1709 οὕς
797 1637 832 1704 dr
846 1638 900 1711 ὥς,
921 1658 1083 1724 perperam
1095 1641 1176 1704 inter
1195 1639 1226 1702 se
1240 1651 1426 1724 permutata.

426 1760 491 1805 um
504 1764 523 1805 a
535 1742 677 1823 librariis,
699 1742 803 1828 pallum
817 1744 1123 1828 exempla'vidimua3
1144 1746 1170 1822 I,
1189 1743 1236 1832 19,
1257 1766 1304 1813 11.
1324 1744 1379 1813 Vl.
1395 1765 1429 1828 3,

426 1867 449 1913 v.
471 1846 534 1913 IX.
553 1848 601 1929 16,
622 1870 649 1916 ι.
671 1848 734 1917 dte.
755 1851 844 1918 conf.
857 1852 895 1916 ad
910 1851 935 1918 1.
955 1868 1003 1935 19,
1021 1870 1049 1915 r.
1072 1852 1168 1917 Porro
1182 1853 1328 1917 vocabula
1341 1844 1434 1918 cotn-¹

426 1952 539 2031 volita,
559 1976 630 2042 qnae
644 1960 771 2041 quidem
784 1959 909 2023 rarioris
924 1958 991 2023 sunt
1002 1957 1090 2034 usus,
1110 1958 1190 2021 haud
1203 1959 1315 2024 mirum
1328 1959 1390 2034 est,
1403 1956 1428 2027 fi

426 2075 443 2124 v
457 2061 595 2127 librariis
618 2084 849 2150 nonnumquam
869 2066 902 2129 in
924 2066 1000 2129 duaa
1021 2084 1118 2128 voces
1137 2063 1268 2129 resoluta
1290 2084 1427 2129 corrum-
1563 2115 1566 2124 .

426 2181 547 2250 mur.
567 2153 733 2248 simon
745 2173 847 2249 crura,
869 2165 981 2258 ratur,
994 2170 1079 2239 vua
1092 2167 1130 2244 6,
1145 2187 1177 2254 4.
1197 2172 1231 2238 n
1249 2164 1289 2243 eu
1308 2159 1372 2255 vv,
1392 2169 1428 2236 u

425 2269 558 2361 titillet
576 2290 757 2362 corruptum
773 2280 917 2343 vidimus.
981 2297 984 2304 ·

734 2404 761 2469 c
783 2408 812 2470 Α
837 2406 859 2471 r
880 2406 911 2483 v
931 2387 962 2473 τ’
1002 2402 1114 2472 xiv.
1438 2400 1503 2471 co-
1518 2403 1602 2462 xm.

490 2487 529 2554 V
524 2485 580 2574 ers.
598 2509 624 2557 r.
646 2492 700 2575 nie
711 2486 761 2560 val
773 2493 831 2557 τῶν
846 2484 1049 2576 συνθημάτων
1065 2482 1206 2575 vrvpueioer
1227 2485 1430 2573 dfqlboexsvav
1459 2490 1528 2550 veri
1545 2504 1570 2554 r,
1632 2551 1635 2562 Δ

425 2595 513 2661 idatii
559 2594 661 2677 ὁμοίως
682 2594 708 2663 d'
723 2599 806 2663 ἐστὶν
826 2594 959 2685 oia‘pvrrvv.
1001 2600 1055 2681 ‘ripe'
1072 2637 1085 2655 ·
1105 2636 1118 2652 ·
1135 2590 1276 2681 ruperint
1295 2599 1432 2665 correxit

425 2705 551 2771 Casaub.
575 2708 613 2796 τῇ
623 2700 750 2792 τυρσεὶᾳ
766 2711 815 2773 ed.
835 2727 861 2774 1.
876 2706 1019 2795 Augjrfi
1039 2701 1151 2791 aevpvsvp
1162 2706 1238 2789 Reg.
1253 2705 1286 2769 F.
1300 2702 1338 2769 G·
1360 2701 1431 2774 Ves,

425 2810 515 2877 'l'ub¹
534 2815 763 2899 argentumn
780 2795 881 2880 calum
895 2807 1069 2897 requirebat
1085 2813 1212 2877 verbum
1225 2807 1430 2895 dvpibuxsvvu

426 2921 517 3003 quod
530 2923 700 3004 generatim
714 2925 839 3007 quidem
854 2918 976 3007 differre
989 2918 1157 3003 significat,
1176 2917 1330 3002 sigillatim
1342 2937 1431 2989 vero,

425 3025 554 3111 prorsus
569 3038 604 3092 ut
612 3030 739 3094 verbum
759 3025 921 3112 διαφέρειν,
929 3029 959 3090 in
968 3027 1131 3092 meliorem
1139 3026 1433 3109 praesertimpartem

425 3133 598 3218 accipitur,
619 3122 676 3219 pro
695 3137 855 3226 prostare,
879 3116 1210 3219 prmvmvtorm'aeffm
1235 3132 1433 3216 quemadmo·
1544 3152 1556 3194 ς

427 3238 552 3305 dum&
564 3263 678 3307 nomen
699 3240 882 3329 adjeitirum
900 3241 1025 3318 ἔξαλος
1048 3238 1221 3321 generatim
1242 3238 1367 3323 quidem
1387 3234 1433 3303 dt

426 3344 550 3432 versum
570 3350 711 3427 denotat,
732 3352 782 3415 sed
800 3348 956 3438 sigillatim
976 3366 1043 3413 cvm
1056 3344 1275 3431 fignificatiovu
1290 3343 1435 3430 profluv-
1515 3407 1519 3414 .

429 3457 503 3533 tia,
522 3456 681 3530 eximium,
695 3455 795 3539 Vin
813 3474 843 3539 7.
864 3456 985 3521 Eodem
999 3455 1094 3518 modo
1107 3451 1286 3516 adverbium
1301 3444 1434 3529 ἐξάλως

430 3561 563 3625 sumitur
575 3562 710 3630 XXXII.
723 3579 774 3645 ας,
788 3582 820 3647 7.
838 3564 892 3635 ubi
908 3549 1018 3627 Suidaa
1031 3554 1105 3626 καθ’
1119 3549 1271 3644 ὑπεροχὴν
1284 3545 1447 3646 ἱηῑετρτο·’

430 3680 527 3732 tatur.
571 3668 655 3745 Quid
668 3668 706 3735 fir
721 3693 814 3750 vero,
835 3671 919 3754 quod
938 3669 1033 3733 lateat
1054 3669 1087 3731 iu
1106 3666 1256 3733 librorum
1277 3665 1433 3749 scriptura,

434 3774 666 3859 (ἐὲχλαχέναι.
698 3772 767 3862 μηδ’
780 3776 880 3857 drrlv)
903 3774 1032 3840 delinire
1054 3773 1180 3857 quidem
1199 3792 1263 3836 non
1283 3769 1435 3845 ausimura

435 3899 541 3964 quare,
564 3887 677 3967 quoda
692 3883 870 3949 casaubono
885 3884 1001 3947 editum
1011 3881 1195 3957 invenimus,
1213 3898 1285 3944 curn
1298 3896 1436 3944 commo·

437 3986 585 4053 disiimam
597 3991 754 4075 praestaret
767 3988 1133 4067 sententiamtenuimus.
1150 3985 1244 4062 Quod
1256 4006 1330 4049 vero
1343 3984 1376 4047 in
1387 4002 1440 4045 co·

438 4096 509 4159 dice
523 4095 660 4161 leidensi
675 4085 758 4162 idem
771 4098 837 4162 sere
850 4095 1048 4176 (adverbium
1065 4090 1168 4172 tarta,
1184 4089 1286 4171 certe)
1305 4092 1387 4157 inter
1400 4089 1436 4154 li·

438 4220 513 4265 neas
529 4215 671 4271 notatum
689 4204 815 4270 testatur
830 4204 1025 4279 Gronovius,
1052 4202 1084 4265 id
1100 4201 1225 4285 quidem
1244 4196 1314 4262 casu
1333 4197 1375 4259 ita
1395 4192 1439 4259 sa.

439 4304 524 4374 stum
539 4313 589 4373 vix
606 4312 704 4375 videri
718 4311 833 4396 potest,
846 4311 897 4375 sed
911 4310 960 4373 vel
972 4329 1010 4373 en
1024 4307 1077 4371 illo
1090 4306 1199 4370 codice
1213 4305 1275 4369 hoc
1289 4295 1439 4386 accepisse

440 4413 586 4498 putemus
601 4417 828 4498 casaubonum,
850 4416 901 4481 vel
916 4437 956 4484 ea
967 4412 1135 4481 casauboni
1147 4412 1284 4479 editione
1298 4429 1318 4478 e
1336 4427 1443 4477 recem

443 4523 517 4587 tiori
532 4545 624 4589 manu
640 4528 671 4588 in
686 4527 828 4592 codicem
843 4524 1035 4599 translatum,
1053 4521 1138 4611 quud
1146 4521 1239 4589 man
1252 4513 1446 4685 verifimsslu·

939 4630 969 4696 X
984 4650 1004 4692 x
1030 4646 1049 4710 3
1360 4623 1393 4684 vi
1415 4639 1447 4683 e·
1499 4711 1507 4728 .
