4084 5484
783 649 845 699 nu
864 650 1023 701 roure.
1042 652 1081 703 v.
1113 641 1166 718 54.

1478 752 1619 785 u

1478 785 1618 805 ——anffl

453 800 632 890 ,suspensum
654 800 708 872 en.
748 801 904 872 Praeterea
925 806 998 871 urbs
1018 804 1071 870 illa
1092 805 1241 884 Chauon,
1270 824 1360 890 quam
1382 804 1460 872 dicit
1482 842 1552 901 Μ
1566 846 1595 913 73

460 911 699 996 Welselingius,
720 913 865 999 nusquam
878 910 933 976 nisi
948 914 979 976 in
993 910 1101 978 ctenae
1117 913 1249 980 fabulosa
1272 914 1394 979 historia
1406 914 1459 978 Se-

458 1019 640 1088 miramidoe
651 1031 857 1086 memoramur
876 1039 948 1083 nam
962 1040 980 1083 a
992 1018 1091 1083 ctena
1111 1018 1145 1086 dr
1161 1020 1318 1085 Diodorus
1337 1020 1371 1086 dr
1393 1019 1460 1085 Ste·
1585 1046 1590 1054 ·

459 1127 582 1211 phaone
602 1127 791 1212 Byzantinus
806 1149 859 1205 ea,
890 1146 960 1210 quae
983 1129 1024 1191 de
1041 1125 1189 1192 Chauone
1205 1129 1334 1204 habent,
1355 1113 1459 1192 hause-

459 1246 544 1299 mut.
587 1232 782 1299 casaubonus
797 1235 893 1298 etiam·
904 1234 980 1297 olim
994 1234 1074 1318 apud
1086 1233 1267 1298 Strabonem
1275 1217 1331 1299 Xl.
1346 1255 1376 1318 p.
1385 1249 1457 1317 529.

460 1359 521 1425 pro
535 1335 722 1420 Xoeslovi'rru,
747 1342 778 1403 in
795 1341 878 1423 quod
904 1342 946 1405 rbi
968 1341 1162 1405 consentiunt
1180 1342 1266 1418 libri,
1287 1336 1459 1410 Xovoairw

458 1449 626 1533 suspioetus'
636 1460 702 1512 erat
715 1448 901 1532 legendum
913 1446 962 1512 sed
975 1446 1182 1532 coujetluram
1196 1448 1278 1513 illam
1290 1447 1354 1533 ipse
1366 1464 1460 1513 retra·

452 1551 557 1620 &evit
572 1556 602 1618 in
616 1554 823 1619 commentar.
838 1556 874 1616 ad
889 1571 962 1617 eum
974 1555 1089 1619 locum.
1534 1555 1537 1560 '

527 1659 613 1742 Vers.
630 1669 661 1738 8.
686 1655 777 1726 Merui
789 1661 887 1724 ταῦτα
907 1661 939 1725 dd
962 1661 1032 1725 Bet.
1052 1662 1136 1726 Flor.
1157 1662 1234 1747 Reg.
1246 1661 1288 1727 A.
1319 1654 1399 1741 perd
1412 1661 1460 1740 de,
1484 1679 1595 1743 vm,

457 1768 572 1854 absque
583 1768 698 1842 ταῦτα,
723 1771 804 1851 Aug.
825 1761 905 1847 uerri
919 1768 955 1832 dl
966 1768 1063 1831 ταῦτα
1081 1770 1151 1832 edd.

505 1899 507 1903 ·
527 1872 679 1959 Vers.10.
702 1868 940 1952 Ἀδειγοίνας.
983 1875 1036 1940 sie
1052 1876 1161 1940 mestis
1179 1877 1217 1941 od
1233 1895 1329 1940 unum
1350 1895 1459 1939 omnes
1484 1898 1611 1958 numo,

459 1981 535 2050 nav.
549 1981 621 2048 Vat.
637 1983 719 2046 Flor.
733 1983 817 2066 Aug.
831 1983 998 2066 Regum
1030 1982 1159 2048 Peiresc.
1179 1984 1292 2067 (equo
1314 1983 1392 2046 hauc
1413 1982 1458 2046 le·

461 2087 600 2155 &ionem
612 2090 740 2174 protulit
752 2085 910 2169 Valesius)
934 2086 967 2153 δι
984 2091 1084 2153 codex
1101 2086 1212 2156 Vrsini.
1254 2091 1399 2154 Perottus
1412 2099 1459 2153 to·

458 2206 528 2262 tum
548 2196 653 2260 locum
673 2192 837 2259 transsiliit.
890 2188 1029 2257 Temere
1046 2196 1167 2279 prorsus
1190 2190 1337 2272 deneas,-
1359 2198 1456 2280 vulgo

458 2304 507 2367 est
518 2304 653 2380 editum,
674 2323 782 2365 errore.
796 2323 814 2365 e
828 2302 925 2386 primo
940 2302 1078 2366 editione
1091 2304 1124 2364 iu
1137 2314 1255 2367 ceteras
1271 2319 1454 2388 propagato.

458 2409 503 2477 Et
517 2410 585 2473 haec
600 2418 703 2473 tamen
718 2408 861 2471 mendosa
875 2407 1038 2492 scriptura,
1067 2427 1168 2491 neque
1185 2409 1266 2473 aliud
1280 2411 1457 2493 quidquam,

458 2516 651 2602 quodsciam,
673 2514 770 2577 ansam
779 2513 956 2577 Cnsaubono
965 2516 1050 2578 dedit
1058 2514 1233 2596 suspicandi,
1255 2512 1456 2600 effer'lludmo

457 2619 961 2707 gistratusapadSereacrosmmen
969 2639 983 2691 ,·
1004 2619 1281 2704 quamsentonrium
1295 2624 1388 2687 etiam
1400 2620 1456 2707 ipsi

455 2727 591 2794 versioni
606 2729 710 2790 lutinae
727 2725 859 2789 inserere
877 2747 938 2789 uon
954 2726 1112 2792 dubitavit.
1156 2726 1356 2811 Cogituverut
1371 2751 1456 2795 uem.

457 2857 498 2922 pe
514 2838 561 2898 vir
575 2830 684 2899 dostus
704 2832 756 2911 (ut
775 2851 814 2895 ex
837 2853 891 2897 ora
905 2831 1060 2897 anrleensr
1074 2832 1233 2915 intelligo,
1256 2837 1344 2919 cujus
1364 2851 1456 2903 notas

456 2942 636 3008 Gronovius
650 2935 821 3022 descripsit)
834 2940 874 3003 de
886 2941 1021 3005 Arabico
1037 2940 1133 3004 verbo
1149 2939 1211 3005 dnn
1226 2942 1275 3007 vel
1287 2941 1354 3020 din,
1369 2919 1456 3028 juni-

456 3068 548 3119 τινες
580 3048 662 3111 undo
676 3043 787 3128 dujdn,
805 3043 925 3129 jadex,
957 3046 1195 3136 administrator.
1236 3046 1333 3127 Dein,
1357 3070 1456 3135 quum

457 3156 493 3220 iu
508 3156 614 3218 msstis
628 3152 689 3217 esse
711 3145 885 3229 'Adendros
905 3155 1026 3218 videret
1032 3200 1042 3232 ,
1064 3156 1191 3237 perinde
1210 3152 1271 3219 hoc
1290 3156 1351 3221 effe
1370 3171 1456 3242 puta·

456 3264 522 3338 vit3
543 3261 663 3323 literam
684 3262 831 3325 initialem
847 3285 867 3323 a
881 3273 965 3325 ratus
980 3260 1164 3344 respondere
1183 3262 1329 3341 articulo,
1359 3284 1453 3348 quem

454 3367 632 3434 nominibus
648 3366 812 3450 prefigere
832 3367 930 3432 solent
945 3367 1065 3431 Arabes
1087 3365 1121 3431 dr
1142 3368 1278 3433 Hebraei.
1320 3368 1451 3457 Ineam·
1510 3425 1514 3432 .

454 3477 589 3558 demque
610 3473 732 3558 prorsus
750 3474 975 3558 cogitationem
990 3473 1136 3539 Reiskius
1150 3474 1276 3551 incidit3
1297 3474 1353 3539 nili
1368 3477 1453 3562 quod

452 3602 495 3646 ex
510 3579 725 3645 Chaldaeorum
739 3580 877 3644 sermone
890 3580 1041 3645 derivavit
1055 3581 1086 3644 id
1102 3595 1228 3661 nomen,
1250 3584 1282 3646 in
1298 3602 1360 3667 quo
1372 3585 1452 3668 pari.

452 3699 505 3754 ter
524 3686 618 3772 ἀήθη
626 3684 760 3769 judiam
780 3684 950 3771 siguificat:
979 3699 1011 3753 at
1030 3685 1186 3765 Chaldaei,
1205 3691 1306 3773 quoad
1326 3690 1452 3774 quidem

452 3815 515 3860 nos
529 3797 688 3868 novimus,
717 3812 780 3857 uon
803 3792 847 3859 un
868 3794 938 3859 sunt
959 3794 1089 3859 articulo
1111 3797 1288 3861 nominibus
1309 3783 1452 3882 praesixo.

453 3902 548 3977 Mihi,
567 3914 603 3965 ut
615 3899 716 3966 dicam
727 3903 810 3985 quod
823 3899 938 3979 sentio,
959 3903 1019 3967 toti
1037 3901 1112 3966 huic
1132 3903 1243 3967 rationi
1260 3903 1385 3969 videtur
1397 3905 1451 3970 ali·-

453 4009 529 4090 qnid
544 4006 637 4072 inesse
652 4009 779 4075 lubrici:
799 4009 899 4083 (eous.
910 4009 948 4072 ad
963 4028 1029 4094 cup.
1037 4024 1096 4090 70,
1106 4005 1152 4089 ἃ)
1172 4027 1232 4073 uec
1246 4022 1350 4075 mmen
1363 4012 1450 4096 quid

455 4132 558 4196 quam,
578 4117 661 4199 quod
677 4112 851 4190 certiussrt,
865 4111 954 4179 &ne
965 4115 1125 4199 probabile
1140 4118 1267 4199 quidem
1282 4119 1448 4204 quidquam

453 4220 556 4295 aliud,
576 4240 639 4305 qno
657 4223 792 4285 nominis
808 4220 891 4287 illiue
905 4220 955 4288 vel
968 4222 1032 4288 vim
1050 4221 1103 4286 vel
1117 4222 1272 4307 originem
1283 4225 1448 4306 declarem,

453 4328 601 4411 equidem
618 4328 727 4393 habeo.
789 4401 791 4408 y
930 4359 933 4367 ·

469 4481 472 4486 ,
518 4431 671 4518 Voſs-rr.
691 4421 763 4498 dtr
783 4427 843 4520 uos.-
867 4428 909 4500 rai
927 4433 959 4500 dl
977 4427 1165 4521 ant‘negn.
1191 4437 1300 4504 invitis
1316 4437 1444 4506 uetustis
1470 4442 1542 4509 vot.
1556 4458 1601 4508 rr.

449 4542 623 4623 codicibus.
665 4541 735 4610 Post
748 4536 797 4634 ,ταὶ
816 4541 874 4623 μὲν
893 4545 1120 4632 eodemmodo
1138 4527 1206 4609 ddi
1216 4543 1442 4630 potitum-vidi·

1372 4670 1445 4723 mue
