4084 5484
585 592 647 667 108
912 600 1288 655 coronariorum

436 744 569 855 ᾖξ’
651 756 689 823 V
685 752 739 843 arf
745 775 775 841 4.
790 752 830 823 rai
843 750 921 837 ξύλα
940 752 990 842 aa)
1005 751 1058 823 riu
1073 754 1204 844 κέραμον
1218 752 1258 831 εἷς
1270 752 1396 842 σχεδίας
1411 745 1591 842 raa-laipno&

582 868 624 950 τῷ
639 868 765 951 ποταμῷ
775 860 857 944 aerii
870 866 981 948 πολλῆς
996 865 1172 947 φιλοτιμίας
1184 862 1226 940 eit
1242 862 1310 940 rada
1326 860 1477 937 Οἰνιάδας.
1520 863 1590 929 Dif-
1622 919 1628 925 .

582 975 658 1040 ficili
670 970 743 1039 loco
759 976 874 1039 nullam
889 975 1073 1040 medicinam
1085 971 1230 1040 lueeinve
1246 976 1389 1042 adferunt
1402 974 1481 1038 libri.
1509 970 1591 1039 Ver·

581 1082 697 1148 sionem
719 1083 805 1146 tenui
827 1079 1013 1146 Casauboni:
1035 1084 1198 1147 materiam
1211 1079 1250 1150 ὃ
1265 1082 1402 1167 regulas,
1427 1098 1495 1145 tram
1514 1093 1596 1143 cara

582 1188 736 1273 irnpofiras
747 1188 884 1266 ratibus,
907 1187 1060 1252 Oeniadas
1071 1189 1128 1272 prr
1141 1209 1259 1255 amnem
1272 1188 1404 1255 deuexit.
1441 1166 1592 1252 bnaua-

580 1278 691 1372 aivs,
713 1294 789 1358 nihil
808 1297 837 1358 in
853 1296 968 1378 graecis
981 1297 1164 1380 corrigens:
1185 1331 1226 1349 -
1269 1298 1362 1376 „Noa
1380 1296 1441 1374 est,
1464 1287 1539 1377 (ait)
1555 1298 1594 1357 ut

470 1463 473 1473 .
582 1405 725 1483 arbitror,
744 1402 814 1467 haec
829 1403 952 1485 Polybii
965 1402 1123 1468 sententia.
1159 1402 1222 1470 Cur
1235 1407 1318 1469 enirn
1333 1414 1419 1469 tanta
1432 1423 1507 1467 cura
1520 1400 1592 1465 Phi

519 1500 522 1508 ’
570 1512 686 1595 lippus
707 1510 792 1593 ligna
815 1508 994 1593 &tegulas
1019 1510 1153 1576 secundo
1173 1511 1301 1576 flumine
1326 1511 1525 1578 devehendas
1551 1506 1594 1571 ad

582 1617 737 1684 Oeniadas
751 1615 896 1692 curasset,
920 1636 991 1700 quae
1008 1618 1082 1681 urbs
1095 1627 1161 1681 erat
1174 1617 1301 1697 hostilis,
1322 1616 1438 1702 &ejus
1451 1615 1594 1682 materia

582 1724 727 1808 (absente
742 1723 913 1807 praesertim
937 1723 1098 1807 Philippo)
1120 1726 1246 1796 domina
1266 1722 1347 1790 fasta
1366 1722 1494 1790 iniret?
1538 1721 1593 1789 Sic

580 1833 679 1916 igitur
693 1843 799 1894 verto:
838 1830 893 1893 Ex
906 1831 999 1912 lignis
1015 1827 1055 1897 O
1069 1832 1181 1915 tegulis
1197 1829 1394 1916 ratessaffas
1411 1852 1476 1897 ram
1492 1829 1594 1895 malta

443 2021 446 2030 Ι
582 1958 676 2014 rara,
702 1937 826 2022 flumini
845 1936 1026 2021 adaptavit,
1053 1940 1097 2001 'rit
1119 1936 1275 2021 trajiceret
1297 1940 1451 2005 Oeniadas
1477 1933 1594 2021 uersas.

491 2079 493 2088 ·
581 2047 742 2113 Paeaniunr
763 2045 854 2120 illud,
882 2044 1054 2128 aPhilippo
1069 2044 1222 2124 dirutum,
1250 2059 1318 2112 erat
1334 2048 1366 2111 in
1378 2047 1441 2130 ipsa
1455 2045 1592 2123 Aetolia,

581 2156 620 2218 ad
632 2152 778 2217 finistram
792 2151 926 2215 Acheloi
940 2152 1039 2235 ripam
1053 2151 1266 2218 descendendo
1290 2154 1422 2218 secundo
1441 2152 1592 2218 flumine:

559 2331 565 2344 ,
583 2252 733 2325 Oeniadae
756 2279 831 2321 vero
850 2259 883 2320 in
903 2258 1097 2335 Acarnania}
1126 2261 1164 2323 ad
1180 2262 1322 2326 dextram
1340 2259 1475 2345 ejusdem
1488 2256 1592 2322 fiumi-

426 2401 429 2414 ·
548 2394 550 2397 ·
583 2370 642 2432 nis.
687 2366 858 2432 Abundans
879 2366 978 2450 igitur
996 2365 1085 2450 ligno
1101 2361 1210 2430 &alia
1228 2368 1374 2444 materia,
1400 2378 1530 2451 pontem
1550 2384 1592 2431 ea

581 2476 697 2541 ratibus
715 2473 891 2548 fabricavit,
916 2493 978 2555 quo
993 2482 1150 2550 uteretur,
1174 2483 1210 2538 ut
1227 2475 1400 2540 exercitum
1414 2474 1594 2538 traduceret

581 2583 686 2648 versus
708 2581 863 2645 Oeniadas
886 2580 1077 2664 Plrilippus.“
1105 2613 1150 2627 -
1193 2580 1271 2644 Haec
1293 2580 1357 2645 ille.
1401 2580 1447 2645 At
1465 2579 1592 2644 cuinam
1625 2570 1628 2575 ’

466 2728 469 2736 ·
581 2672 647 2754 usui
671 2686 805 2773 ligna&
823 2688 946 2771 tegulas
969 2686 1094 2751 Paeanio
1118 2689 1273 2752 Oeniadas
1296 2687 1410 2752 devehi
1429 2686 1594 2772 Philippus

582 2796 714 2872 curarit,
749 2796 834 2877 quod
856 2795 970 2877 quaerit
999 2794 1185 2871 Palmarius,
1223 2793 1291 2881 'ipse
1323 2796 1418 2860 docet
1439 2781 1592 2878 Polybius

582 2902 660 2968 vers.
674 2920 720 2968 ιι.
763 2900 832 2964 Nec
847 2921 927 2984 opus
944 2899 1006 2974 est,
1026 2910 1064 2963 ut
1077 2900 1252 2977 statuamus,
1271 2897 1400 2965 devesta
1414 2901 1485 2966 haec
1499 2902 1537 2966 ad
1554 2899 1591 2963 il·

581 3011 642 3075 lam
655 3010 762 3072 urbem
779 3004 848 3081 eu'c,
869 3006 1044 3089 priusquam
1057 3027 1126 3069 eam
1142 3004 1269 3091 cepiffet
1283 3007 1460 3093 Philippum
1482 3026 1590 3093 quem,

448 3181 450 3186 ,
579 3117 625 3182 nil
639 3116 784 3198 impedit,
805 3115 986 3196 quominus
1006 3114 1188 3191 credamus,
1217 3114 1285 3199 post
1305 3128 1411 3199 captas
1433 3114 1591 3180 Oeniadas

477 3299 480 3308 Ι
580 3223 743 3288 demumid
757 3221 933 3284 faciendum
945 3216 1076 3296 curallo,
1099 3240 1284 3305 quamquam
1306 3242 1388 3286 nunc
1404 3222 1505 3287 statim
1521 3221 1591 3307 ejus

581 3333 629 3396 rei
644 3329 788 3393 meminit
805 3327 970 3410 Polybius,
994 3326 1049 3389 ubi
1066 3328 1104 3390 de
1119 3328 1243 3391 Paconio
1257 3349 1330 3391 cum
1344 3331 1479 3393 maxime
1496 3330 1593 3428 perba

578 3439 666 3504 facit.
696 3437 849 3499 Praeterea
864 3455 927 3498 non
940 3443 1061 3499 morata
1073 3434 1117 3498 est
1131 3455 1240 3518 regem
1251 3433 1366 3499 oblidio
1381 3421 1464 3500 urbs
1473 3436 1594 3501 Oenia-

581 3546 710 3619 darum;
732 3564 825 3625 quam
837 3542 923 3604 nullo
937 3541 1088 3625 negotio,
1111 3543 1212 3625 primo
1227 3544 1376 3617 adventu,
1403 3543 1490 3627 cepit
1508 3563 1590 3628 prae·

579 3649 656 3715 srdio
673 3651 827 3712 nudatam.
869 3648 935 3710 Iam
950 3648 1067 3711 ratibus
1084 3647 1210 3730 quidem
1224 3670 1304 3733 opus
1320 3648 1380 3712 esse
1395 3650 1498 3734 potuit
1517 3649 1590 3714 Phi·

579 3758 666 3842 lippo
684 3758 723 3821 ad
744 3754 956 3838 trajiciendum
983 3755 1078 3818 etiam
1102 3754 1199 3838 ipsum
1223 3758 1395 3822 exercitum
1417 3759 1455 3820 ad
1478 3758 1589 3824 urbem

581 3866 804 3939 Oeniadarum‚
829 3882 899 3945 quae
920 3861 957 3924 ad
975 3860 1086 3925 ostium
1099 3862 1250 3938 Acheloi,
1269 3882 1334 3926 non
1348 3865 1473 3956 quidem
1488 3865 1520 3929 in
1532 3884 1590 3949 op·

581 3971 688 4059 pofita,
711 3973 743 4034 in
758 3971 865 4033 dextra
879 3969 975 4044 dicar,
998 3969 1095 4034 totius
1109 3970 1246 4034 fluminis
1259 3972 1326 4055 ripa
1338 3969 1424 4057 (quae
1438 3970 1590 4040 sententia

580 4080 641 4144 fuit
664 4072 1169 4156 Palmerii)uideturs1tafuille,
1204 4077 1254 4141 sed
1277 4079 1358 4142 inter
1382 4082 1444 4143 duo
1464 4079 1591 4143 brachia

580 4185 716 4253 Acheloi
734 4186 925 4267 intercepta3
957 4184 1041 4268 quod
1065 4204 1138 4247 cum
1154 4205 1194 4246 ex
1207 4184 1386 4271 Thucydid.
1403 4186 1442 4250 ΙΙ.
1459 4204 1529 4251 102.
1544 4188 1591 4250 in-

580 4293 684 4376 telligi
697 4293 836 4368 videtur,
858 4289 964 4373 (cujus
980 4290 1073 4353 verba
1087 4288 1236 4356 Cellarius
1250 4293 1344 4356 etiam
1357 4270 1456 4357 adieri
1470 4290 1589 4378 Geogr.

583 4401 690 4484 Antiq.
707 4400 748 4464 ll.
768 4417 814 4482 13·
831 4421 860 4483 p.
878 4398 986 4478 1105.)
1004 4409 1072 4461 tum
1087 4415 1125 4459 ex
1143 4420 1198 4476 eo,
1218 4397 1303 4483 'quod
1317 4398 1353 4461 ab
1368 4399 1435 4462 aliis
1457 4396 1588 4466 auetori-

582 4511 641 4581 bus
655 4509 693 4575 ad
706 4510 864 4584 dextram,
889 4508 924 4570 ab
940 4506 1008 4572 aliis
1025 4505 1064 4571 ad
1077 4502 1223 4571 linistram
1243 4507 1309 4591 ejus
1328 4506 1466 4582 fluminis
1488 4508 1587 4592 ripam

1504 4615 1588 4681 vide·
