4084 5484
688 795 774 850 'au
794 798 954 848 som.
974 799 1031 852 ux·
1052 798 1104 866 3¹·
1125 797 1179 868 32·
1384 793 1446 863 353
1496 817 1500 825 ·

445 950 529 1018 ciant
547 954 672 1019 codices
693 951 771 1027 vrb.
793 951 826 1020 u
849 953 931 1019 bled.
946 953 1091 1039 equibus
1111 954 1144 1019 iu
1164 952 1227 1018 hoc
1246 950 1343 1018 veubo
1364 949 1450 1016 nulla
1465 895 1604 1042 ᾗ

443 1060 644 1142 discrepantia
657 1062 800 1127 adnotata
816 1081 875 1126 nec
890 1082 909 1124 a
922 1057 1317 1128 CasuubmecaGuouovio.
1356 1079 1448 1143 προσ.
1556 1145 1559 1154 ¹

445 1162 540 1246 έχετε
560 1169 633 1231 daut
652 1167 776 1234 Vesont.
796 1167 830 1233 &
851 1165 989 1252 Tubiug.
1030 1162 1217 1251 προσέχοταρ
1232 1167 1316 1251 Aug.
1333 1162 1367 1231 a
1386 1164 1449 1228 Re·

445 1275 508 1356 gii3
532 1272 581 1340 sed
595 1275 627 1337 iu
639 1273 724 1359 Aug.
738 1275 928 1343 inter-lineas
942 1274 979 1338 ab
992 1276 1117 1359 antiqua
1128 1272 1162 1339 dt
1175 1275 1283 1338 eadem
1298 1271 1350 1355 (ut
1363 1273 1447 1338 vide.

445 1379 513 1460 tur)
530 1400 622 1446 manu
635 1379 810 1446 comestum
824 1377 1032 1466 προσέσχετε,
1059 1383 1142 1465 quod
1164 1380 1373 1463 adoptandum
1388 1380 1449 1446 uti,

445 1503 507 1568 que
521 1489 706 1570 putavimus.
747 1489 902 1574 Nusquam
922 1489 1007 1554 euim
1027 1489 1107 1573 apud
1128 1486 1293 1571 Polybium
1312 1488 1450 1570 quidem.

446 1594 532 1674 quod
549 1595 801 1674 meminerimus,
824 1597 856 1661 in
873 1596 978 1659 medio
998 1614 1116 1683 genere
1132 1592 1293 1677 usurpatur
1306 1594 1367 1658 hoc
1382 1613 1450 1658 uer.

445 1700 529 1765 buna
571 1694 625 1766 τδν
643 1703 712 1766 νοῦν
731 1702 798 1788 post
816 1698 1008 1785 προσέσχετε
1020 1701 1123 1767 nullus
1137 1702 1238 1766 codex
1252 1702 1285 1765 in
1301 1710 1453 1775 contextu

444 1808 600 1889 agnoscit:
619 1809 669 1874 sed
677 1855 686 1885 ,
708 1830 764 1892 pro
777 1802 889 1873 τοῦτον
901 1809 967 1871 νῦν
982 1802 1199 1893 ἐντραπέντες,
1217 1808 1266 1889 (iu
1280 1810 1362 1893 quod
1376 1828 1450 1873 con·
1556 1894 1558 1898 Ι

444 1911 579 1980 sentiunt
595 1915 670 1983 Vrb.
684 1917 770 2002 Aug.
790 1917 823 1981 iu
840 1926 1006 1995 contextu,
1029 1914 1137 2003 Regii,
1157 1912 1283 1981 vesona
1294 1912 1452 1999 Tubiog.)

445 2010 558 2085 τοῦτον
578 2016 644 2093 civ
656 2023 748 2090 νοῦν
768 2019 966 2108 ἐντραπέντες
985 2010 1076 2088 habel
1091 2022 1140 2086 ed.
1153 2036 1181 2095 ι.
1195 2041 1267 2086 cum
1283 2022 1365 2090 Med.
1406 2020 1450 2097 Ec

443 2127 530 2211 Aug.
550 2130 584 2194 iu
603 2150 660 2193 ora
677 2130 715 2193 ab
732 2132 855 2215 antiqua
872 2150 965 2195 manu
980 2118 1074 2194 habet
1087 2121 1140 2191 πδν
1151 2128 1234 2202 νοῦν,
1263 2149 1334 2213 quae
1355 2126 1450 2196 verba

445 2231 562 2299 nescias
577 2247 682 2305 utrum
698 2238 736 2305 ad
750 2235 943 2321 προσέσχετε
964 2235 1060 2301 relata
1079 2234 1211 2299 voluerit
1231 2217 1388 2313 librarius,
1410 2253 1450 2304 ab

446 2348 482 2403 ut
498 2340 648 2407 diversam
664 2340 832 2410 letiionem
850 2343 995 2420 adtulerit
1015 2362 1073 2428 pro
1098 2342 1166 2413 νῦν,
1193 2343 1277 2427 quod
1293 2339 1390 2425 ipsum
1408 2360 1450 2403 eo

446 2447 623 2512 credibilius
639 2448 700 2527 est,
739 2454 823 2542 quod
846 2471 904 2514 uec
934 2448 1109 2519 becellaria
1131 2449 1200 2515 sunt
1223 2448 1273 2513 liae
1293 2466 1389 2511 voces
1411 2446 1450 2510 ad

444 2554 575 2618 verbum
593 2551 802 2639 προσέσχετε,
828 2554 863 2621 dt
881 2558 966 2641 quod
988 2556 1041 2623 alii
1060 2556 1129 2622 libri
1144 2557 1201 2636 (ut
1213 2554 1301 2636 dixi)
1317 2548 1370 2620 τᾶν
1382 2552 1451 2625 νοῦν

444 2677 504 2743 pro
519 2658 571 2722 νῦν
582 2660 706 2726 habeut.
743 2663 900 2728 Probabile
915 2674 1019 2728 autem
1034 2682 1127 2747 porto
1140 2662 1185 2727 eli
1199 2662 1231 2726 id
1246 2664 1329 2745 quod
1344 2682 1362 2733 a
1378 2658 1452 2725 Sca.

443 2764 545 2847 ligero
558 2775 700 2834 notatum
713 2769 863 2847 videmus,
883 2770 940 2836 has
953 2771 1030 2855 ipsas
1044 2787 1140 2834 voces
1150 2761 1202 2832 πδν
1215 2769 1284 2832 νοῦν
1296 2789 1335 2831 cx
1349 2788 1384 2832 το
1396 2765 1450 2829 νῦν
1470 2820 1473 2826 .

447 2869 509 2934 elic
525 2888 697 2957 corruptas.
740 2873 821 2950 Quae
838 2887 995 2941 momenta
1007 2874 1033 2941 su
1044 2877 1076 2940 iu
1091 2895 1186 2939 unum
1200 2876 1347 2960 colligas,
1368 2873 1450 2938 vecie

446 2975 543 3043 simile
555 2978 630 3059 liet,
649 2979 691 3044 fic
706 2980 848 3066 scripsiiie
862 2982 1045 3067 Polybiumt
1067 2974 1183 3054 δοκοῦσσ
1198 2976 1233 3046 οῦ
1246 2978 1451 3068 προσέσχετε.

446 3078 561 3149 τοῦτον
576 3088 689 3153 τονῦν
705 3083 913 3173 ἐντραπέντες.
946 3086 1112 3153 Genitivus
1127 3081 1257 3163 τοῦτον,
1277 3108 1371 3173 quem
1384 3107 1450 3156 uno

446 3193 593 3259 consensu
608 3194 778 3279 agnoscunt
798 3195 925 3269 codices
939 3213 1066 3273 omnes,
1086 3216 1149 3259 non
1162 3195 1278 3281 placuit
1290 3193 1323 3264 V
1323 3192 1402 3259 rfino
1416 3192 1452 3264 δι

446 3300 576 3365 Reiskio
585 3323 596 3378 ;
617 3322 749 3385 quorum
758 3302 815 3366 ille
828 3301 952 3387 prorsus
966 3322 1039 3367 eum
1058 3301 1195 3372 deletum
1211 3301 1327 3379 uoluit,
1351 3301 1404 3366 hic
1418 3302 1452 3364 in

447 3408 656 3473 accusativum
672 3400 793 3480 τούτους
806 3419 977 3485 mutatum3
998 3406 1061 3471 siue
1073 3407 1169 3472 causa.
1213 3409 1293 3474 Nam
1306 3406 1453 3493 έντροσῦ.

446 3536 496 3597 νον
509 3514 540 3577 cl
552 3516 603 3579 vel
620 3509 688 3584 τονοὶ
707 3517 832 3598 quidem
851 3515 1000 3584 dicimus,
1028 3514 1159 3582 revereat
1177 3513 1305 3599 aliquem
1324 3515 1374 3581 vel
1395 3512 1455 3586 ali·

447 3621 545 3705 quidc
571 3622 750 3705 ἐντροτῆνορ
763 3643 855 3699 vero,
877 3639 985 3691 curare
1000 3621 1129 3705 aliqum
1143 3620 1194 3685 vel
1206 3619 1323 3710 aliquid
1328 3666 1336 3699 ‚
1357 3620 1470 3690 cutm

447 3749 516 3795 nem
537 3728 665 3811 alicujus
683 3729 809 3808 babere,
834 3748 899 3793 uon
919 3728 1020 3811 magis
1041 3746 1112 3800 cum
1134 3726 1325 3803 accusativo,
1353 3725 1453 3792 veluti

448 3837 528 3915 iufra
542 3857 608 3921 cap.
617 3832 668 3916 36,
686 3854 734 3900 uu.
746 3833 780 3906 b
794 3833 899 3908 xxti,
914 3830 1008 3917 avb
1025 3851 1116 3916 qoam
1130 3852 1200 3899 cum
1214 3833 1356 3919 genitivo
1373 3832 1454 3910 casu.

450 3942 485 4007 dt
509 3963 580 4007 cum
603 3944 665 4005 hoc
684 3944 810 4026 quidem
834 3941 1045 4024 frequentius,
1074 3938 1279 4017 construitur3
1308 3961 1400 4030 quam
1421 3941 1455 4011 iu

451 4062 571 4134 partem
591 4049 679 4132 plura
702 4049 845 4134 exempla
867 4048 996 4133 collegit
1014 4046 1111 4111 Heus.
1128 4040 1303 4133 Stephanus
1315 4048 1348 4116 in
1361 4043 1456 4124 Thai}

452 4152 507 4219 Gr.
520 4156 611 4239 Liug.

741 4321 819 4392 ca
840 4320 969 4402 ,νντ
1013 4322 1174 4397 xxxui
1492 4313 1604 4440 ᾗχι

515 4469 601 4558 Verst
615 4489 647 4555 4.
664 4459 802 4556 ’Ὥσπερ
817 4470 848 4536 di
862 4464 922 4556 οοοὶ.
964 4465 1016 4553 nol
1033 4471 1114 4537 bene
1126 4470 1160 4535 h.
1174 4472 1197 4538 1.
1210 4473 1306 4538 babet
1316 4493 1355 4538 ex
1369 4489 1459 4536 moro
1487 4469 1599 4556 Vult·

453 4581 644 4664 Polybium,
668 4601 727 4643 nec
748 4579 893 4644 solicitari
914 4577 1021 4642 debuit
1036 4597 1055 4643 a
1070 4576 1145 4653 Reii
1146 4578 1218 4653 laio,
1248 4581 1302 4665 qui
1322 4578 1461 4656 deletum
1485 4607 1487 4612 ’

455 4689 566 4753 voluit.
606 4686 717 4769 Neque
740 4686 938 4751 incommode
961 4678 1011 4770 aa)
1031 4683 1100 4770 post
1115 4678 1274 4772 σνμβοένα
1288 4684 1390 4773 pouit
1404 4683 1462 4754 Ca,

953 4794 1072 4875 blm5
1356 4790 1464 4855 lauba·
