4084 5484
687 614 747 660 ab
768 613 928 664 nocua.
950 613 1007 663 ru.
1030 610 1082 678 45.
1103 591 1156 679 46.
1177 611 1231 679 47.
1414 609 1456 677 79

524 759 612 849 Verfi
627 783 656 847 3.
675 766 750 831 nord
765 767 797 830 db
811 759 870 849 uui.
901 765 933 830 tl
949 777 1034 831 caret
1048 764 1128 830 solus
1141 767 1229 848 Aug.
1469 752 1599 869 yffi

524 869 611 956 Vers.
627 889 659 955 4
686 869 741 945 sut
758 870 798 945 eie
821 866 968 959 Koev‘apev.
1010 874 1063 939 Sic
1083 874 1252 955 (monente
1273 866 1396 937 Volefio
1418 868 1456 931 ud
1479 887 1550 946 vers,
1563 905 1589 959 4,

458 965 544 1045 Vns.
562 995 612 1061 24,
633 982 679 1063 a.)
695 982 813 1066 primus
828 982 860 1044 h.
876 982 895 1044 1.
918 981 1013 1045 edidit
1037 977 1224 1043 GronoviuS.
1265 978 1308 1043 Et
1330 974 1370 1039 fic
1390 976 1455 1040 sere

454 1106 567 1149 omnes
584 1088 658 1151 dant
672 1088 798 1150 codices
814 1088 904 1170 paulo
919 1086 1058 1162 inferius,
1077 1085 1133 1151 IV.
1150 1100 1199 1167 52,
1216 1103 1229 1148 1
1248 1085 1288 1168 sq.
1320 1083 1367 1148 De
1383 1079 1454 1145 Gal-

454 1191 557 1256 lorum
574 1190 608 1257 dr
621 1191 730 1257 Cavari
742 1194 775 1255 in
790 1194 840 1256 his
853 1195 1032 1277 regionibus
1046 1194 1178 1278 irnperio
1192 1191 1273 1255 conf.
1287 1210 1353 1274 cap.
1364 1196 1413 1272 38,
1422 1186 1453 1252 6.

454 1295 489 1362 ἀ
504 1299 686 1376 ibinotata,
708 1311 774 1363 turn
790 1300 903 1364 Adnot·
923 1302 961 1364 ad
979 1320 1007 1363 c.
1025 1315 1075 1381 51,
1090 1306 1120 1376 8.
1134 1297 1167 1361 dt
1186 1314 1233 1379 52,
1253 1316 1279 1362 1.
1301 1328 1342 1348 ···
1372 1292 1452 1359 ibid.
1577 1379 1581 1386 ι

451 1399 509 1484 ἐφ’
520 1384 556 1469 οὗ
568 1399 728 1490 κατελύθη
739 1406 797 1484 μὲν
809 1402 827 1491 ἡ
840 1400 982 1487 βασιλέα
997 1406 1059 1471 &a
1102 1400 1271 1469 Exstinliio
1290 1403 1379 1485 regni
1396 1401 1471 1468 ca..

452 1513 521 1575 vari
536 1513 651 1577 accidat
664 1513 779 1597 septem
790 1514 856 1577 sere
871 1514 958 1577 annis
971 1511 1038 1595 post
1051 1509 1083 1574 id
1096 1520 1227 1593 tempus,
1249 1511 1280 1571 in
1294 1525 1356 1592 quo
1369 1527 1451 1571 nunc
1573 1512 1576 1516 ’

450 1619 588 1683 versatur
604 1620 727 1702 Polybii
747 1620 885 1695 historia,
908 1619 1153 1701 Olymp.cx1.1.
1170 1635 1197 1699 3.
1217 1617 1257 1679 A.
1273 1615 1313 1683 V.
1331 1631 1401 1697 541.
1416 1624 1453 1679 ut

452 1725 605 1809 colligere
624 1727 701 1789 licet
716 1746 756 1789 ex
769 1722 1118 1811 ExcerptoValesano‚
1150 1724 1263 1786 collato
1287 1742 1359 1786 curn
1379 1722 1450 1785 Fra-

453 1844 596 1915 gmento,
610 1833 816 1917 quodlegitur
830 1835 908 1917 apud
920 1832 1118 1906 Athenaeum,
1136 1845 1207 1913 quae
1222 1840 1349 1913 utraque
1365 1827 1450 1892 exhi·
1491 1847 1495 1854 ·
1546 1818 1552 1829 ’
1570 1880 1578 1893 .

450 1936 578 2004 hulmus
589 1940 622 2002 in
637 1938 787 2021 Reliquiis
801 1938 871 2002 libri
885 1938 970 2007 VIll.
987 1935 1054 2023 cap.
1068 1952 1119 2018 24.

516 2038 602 2129 Vens.
618 2059 647 2125 5.
667 2046 701 2108 ἐν
720 2034 762 2117 osa
780 2049 904 2129 καιροῖς.
923 2043 1031 2132 qulbus
1052 2039 1244 2126 temporibus.
1285 2036 1359 2107 Non
1381 2042 1451 2125 post
1472 2037 1542 2096 Vens.
1559 2054 1584 2108 5·

450 2148 638 2216 ustinslum
658 2150 766 2217 Caveri
787 2173 936 2236 regnum,
964 2153 1015 2218 sed
1036 2153 1083 2219 eis
1103 2148 1310 2234 temporibus,
1336 2151 1448 2232 quibus

448 2253 534 2322 Galli
547 2258 727 2342 regionem,
745 2260 915 2343 Byzantio,
934 2258 1097 2324 finitimam
1112 2256 1269 2319 tenebant.
1432 2295 1436 2299 -

427 2391 450 2415 ·
474 2415 476 2420 .
516 2360 604 2446 Verfi
612 2361 645 2428 6.
658 2358 806 2431 πλείστων
819 2366 942 2430 casaub.
958 2386 1030 2431 cum
1045 2363 1120 2431 Vnt.
1134 2363 1159 2427 F
1160 2362 1217 2425 lor.
1232 2358 1332 2430 Vrfin.
1360 2363 1447 2426 lllen·
1471 2360 1543 2421 Vens.
1555 2364 1581 2428 6.

446 2468 522 2534 dose
533 2467 676 2536 πλεῖστον
699 2475 747 2538 ed.
766 2492 792 2538 i.
806 2490 836 2539 2.
850 2494 926 2538 ,cum
945 2471 1168 2552 ceterisjcodd.
1210 2500 1252 2521 -
1296 2443 1375 2534 sbiis.
1396 2472 1447 2532 ἐπ·

445 2573 692 2652 venumdaret.
721 2568 873 2656 ἆταννιγκ.
885 2579 968 2643 Flor.
979 2579 1065 2661 Aug.
1078 2576 1203 2660 Reg.A.

669 2724 671 2728 ’
731 2739 960 2814 curva
1000 2702 1158 2813 >iuvit
1468 2737 1563 2862 mqq

515 2889 604 2978 Vers.
619 2913 648 2979 3.
670 2878 735 2975 ἕνα
752 2896 810 2975 μὲν
826 2888 874 2960 dul
894 2897 1001 2981 recepi
1016 2916 1056 2961 ex
1072 2895 1153 2960 slot.
1196 2886 1305 2980 Vulgo
1328 2893 1446 2971 σννεέν·
1468 2894 1565 2968 Veri-3·

443 3001 538 3089 md.
551 3003 610 3083 μὲν
626 2993 690 3082 ἅμα
706 2997 763 3067 dats.
794 2995 847 3055 '-
891 3000 969 3068 Ibus.
987 2994 1167 3066 καταλύσειν
1181 3002 1326 3068 revocavi
1341 3023 1380 3065 ex
1394 3003 1444 3066 ed.
1563 3039 1570 3066 .-

449 3128 479 3180 ι.
494 3126 523 3173 a.
537 3110 715 3194 quibuscum
729 3112 848 3176 faciunt
863 3113 987 3175 codices
1002 3131 1121 3173 omrres.
1259 3169 1262 3175 .

513 3210 597 3302 Veis.
611 3233 641 3299 4.
662 3205 715 3282 ον’νι
729 3208 950 3302 ἐντρεπομένων
963 3215 995 3281 ll
1011 3211 1072 3288 τοῖς
1085 3205 1174 3288 ἕλοις.
1206 3217 1268 3287 τοῖς
1286 3207 1384 3290 λίνοις
1401 3205 1444 3278 sd·
1465 3215 1536 3273 Vens.
1549 3233 1578 3286 a.

442 3323 577 3408 spiculus
590 3336 657 3390 erat
670 3326 831 3403 Reiskius,
851 3325 1038 3399 offendens,¹
1051 3339 1086 3387 ut
1099 3324 1160 3407 ipse
1178 3325 1238 3400 ait,
1259 3328 1297 3390 ud
1312 3326 1364 3389 illa
1379 3340 1443 3389 ver·

442 3429 483 3498 ba
503 3427 564 3502 τοῖς
582 3411 669 3503 ilaue.
712 3431 786 3498 Sine
808 3430 916 3496 caussa.
956 3427 1017 3501 τοῖς
1039 3421 1116 3501 ’ὅλοις
1134 3431 1219 3493 idem
1240 3430 1285 3496 est
1305 3453 1340 3495 ac
1357 3418 1443 3510 illuc,

437 3538 584 3602 mnino:
616 3535 668 3617 da,
701 3540 898 3623 praecedente
923 3538 1110 3621 negatione,
1145 3519 1180 3598 ari
1201 3576 1242 3589 --
1269 3540 1330 3609 τοῖς
1343 3520 1441 3612 ἕλοις,

440 3643 563 3708 masao
580 3662 657 3727 eoa,
683 3648 761 3710 aab
777 3645 879 3722 uwdo,
905 3644 1096 3711 uullalare„
1128 3676 1170 3696 -
1212 3641 1291 3709 sbid.
1312 3645 1382 3709 Post
1402 3635 1443 3709 ds.

437 3772 516 3818 m
527 3743 627 3826 livea
640 3750 743 3815 inserit
756 3746 856 3824 αὐτοῖς
876 3754 924 3817 ed.
938 3769 966 3817 2.
981 3748 1015 3815 δι
1031 3750 1113 3835 seqq.
1131 3760 1249 3816 temere
1266 3752 1388 3835 prorsus
1405 3751 1440 3820 dt

439 3858 548 3926 invitis
567 3858 690 3935 maetis3
724 3878 787 3943 quo
805 3861 907 3943 magis
929 3859 1043 3935 miror,
1078 3853 1207 3920 tenuisse
1228 3855 1438 3927 casaubonum

439 3964 651 4051 importunum
667 3964 888 4031 adsumentum.
929 3963 1069 4051 Scaliger
1082 3963 1245 4047 suspicatus
1258 3976 1324 4030 erat
1338 3960 1437 4031 οἰκοῦν

433 4067 541 4149 λέγειν
554 4062 673 4143 αὐτούς.
940 4062 946 4072 ’
1224 4075 1228 4080 ’

462 4220 467 4228 -
501 4176 583 4243 Ibld.
603 4169 866 4262 Ἑννιτοντόδωρον.
913 4174 946 4244 Si
966 4174 1004 4242 ab
1024 4164 1133 4241 ἕνντὲν
1155 4178 1347 4245 derivaretur
1372 4168 1435 4243 boe
1501 4237 1507 4249 .

436 4304 573 4362 nomen,
612 4277 869 4369 Ἑκατνντνίδωρον
898 4284 1041 4370 scriptum
1075 4283 1242 4368 oportuisse
1275 4288 1435 4351 contendit

437 4409 635 4460 ursacius:
661 4392 711 4456 sed
724 4393 757 4456 id
769 4413 870 4476 genua
886 4392 1061 4469 nominum,
1090 4412 1109 4455 e
1126 4391 1305 4455 nominibus
1318 4400 1431 4458 'nume-

429 4498 549 4570 nlibus
571 4497 827 4586 compositorum,
854 4499 998 4588 ignotum
1015 4495 1106 4578 suillo
1127 4497 1171 4564 ait
1192 4495 1325 4592 Gracia.
1368 4497 1443 4568 Nm}

1348 4593 1431 4669 nrbra
