4084 5484
563 560 612 634 eq
883 559 1260 614 surtourroarua
1635 386 1645 620 Ι

428 674 557 834 ᾗ
575 722 628 808 snb
645 717 842 806 vergiliarum
860 724 982 791 ortum,
1008 716 1041 781 id
1062 715 1106 779 est
1152 713 1255 782 medio
1276 710 1343 780 sere
1371 708 1475 776 mense
1503 707 1593 793 Malo

577 830 755 914 legitimum
778 835 902 909 tempus
926 824 999 900 suit,
1029 820 1123 904 (vide
1146 819 1203 887 lV.
1226 814 1588 901 37,2‚V.1,12)quo

580 936 661 1005 inire
674 945 841 1018 praeturam
858 931 974 1000 Aratus
989 943 1077 1014 pater
1090 930 1256 1003 debuerat3
1286 928 1317 991 id
1339 937 1442 990 autem
1462 935 1589 1008 tempus
1646 953 1652 964 =

454 1083 456 1088 ·
583 1030 918 1121 eti-‹imanticipaverat
934 1037 1005 1105 ille:
1027 1050 1095 1100 tum
1113 1041 1186 1099 ve'ro
1203 1035 1310 1117 paucis
1325 1034 1392 1118 post
1405 1033 1515 1098 diebus
1530 1030 1592 1095 cla·
1644 969 1653 1100 s

583 1152 641 1215 des
655 1147 770 1233 accidit
783 1143 993 1219 Achaeorum
1014 1140 1095 1225 (IV.
1109 1139 1221 1224 7sqq.)
1242 1142 1405 1224 rursusque
1423 1136 1593 1225 brevipost
1647 1109 1654 1240 1

444 1330 448 1339 ,
585 1264 729 1341 tempore
748 1252 794 1336 (c.
814 1269 862 1340 14,
883 1251 926 1329 1.)
943 1251 1112 1317 concilium
1127 1250 1314 1313 Achaeorum
1333 1248 1492 1313 convenit.
1533 1243 1596 1314 ltu.

587 1382 666 1456 que,
696 1379 767 1445 quae
792 1343 933 1442 proxime
957 1356 1025 1439 post
1046 1358 1108 1424 boc
1128 1356 1296 1420 concilium
1314 1354 1400 1440 gestu
1420 1353 1503 1429 sunt,
1530 1370 1596 1415 nou

588 1464 674 1564 gesta
688 1466 756 1531 sunt
767 1465 808 1530 A.
817 1462 858 1530 V.
869 1478 940 1546 535.
952 1483 1011 1527 nec
1026 1484 1106 1526 anno
1120 1482 1146 1527 r.
1160 1462 1288 1547 Olymp.
1303 1483 1407 1526 exui.
1424 1460 1475 1524 sed
1489 1459 1599 1523 etiam·

545 1579 547 1583 ”
589 1594 668 1648 num
682 1594 762 1636 anuo
778 1570 943 1656 superiori,
964 1571 1055 1637 ΑΝ.
1073 1586 1145 1653 534.
1161 1570 1211 1635 01.
1229 1589 1400 1633 cxxxix.
1415 1584 1461 1649 4..
1489 1564 1599 1639 Porro,
1651 1581 1654 1616 i

592 1700 666 1773 quae
689 1680 728 1744 de
745 1678 908 1747 Demetrio
930 1677 1041 1764 Phario
1059 1676 1300 1748 &Scerdilaedo
1319 1698 1386 1762 cap.
1406 1673 1454 1742 16.
1476 1690 1600 1738 narran-

593 1793 665 1863 tur,
687 1808 724 1849 eu
739 1786 778 1850 ad
790 1786 935 1849 eumdem
953 1804 1067 1852 annum
1086 1784 1258 1870 pertinere,
1284 1784 1469 1869 intelligitur
1489 1801 1529 1845 ex
1545 1778 1601 1853 III.

580 1960 583 1963 ,
600 1891 650 1964 ib.
683 1893 726 1957 Et
740 1911 796 1976 per
810 1891 970 1975 complura
985 1880 1154 1956 etiamnum
1176 1893 1277 1976 capita
1288 1911 1422 1976 pergere
1436 1890 1603 1975 Polybium

597 2000 633 2073 in
658 1998 791 2082 ejusdem
809 1998 881 2062 anni
904 1997 995 2065 rebus
1019 1998 1197 2075 narrandis,
1231 1999 1388 2066 manifeste
1417 2000 1544 2083 adparet
1564 2014 1603 2061 ex

597 2126 669 2190 cap.
685 2122 736 2186 27.
748 2104 801 2172 ubi
816 2100 965 2188 Scopam,
986 2104 1044 2179 ait,
1066 2106 1231 2187 adpetente
1245 2105 1387 2192 legitimo
1403 2089 1606 2171 comitiorum

467 2283 478 2302 ,
601 2221 765 2306 tempore,
784 2221 954 2297 praetorem
968 2210 1156 2278 Aetolorum
1171 2212 1238 2296 post
1251 2214 1427 2280 Aristonem
1439 2215 1523 2296 (cap.
1538 2225 1566 2292 ς,
1579 2227 1608 2277 1.

603 2318 701 2399 6117,
719 2317 759 2397 ι.)
774 2316 834 2381 effe
849 2330 1005 2383 creatum:
1036 2317 1068 2381 id
1089 2330 1192 2382 autem
1208 2328 1333 2404 tempus
1357 2320 1534 2388 autumnale
1555 2317 1609 2394 est,

604 2423 710 2497 mense
724 2420 871 2522 Ostobre.
886 2422 960 2507 (IV.
976 2443 1028 2509 37,
1043 2422 1088 2505 π.)
1127 2424 1212 2494 Tum
1227 2447 1319 2517 reio,
1346 2447 1419 2512 quae
1443 2427 1612 2511 sequuntur

608 2551 676 2617 cap.
686 2548 728 2620 29
734 2530 815 2615 seqq.
829 2551 887 2616 per
900 2529 1027 2615 hiemen
1040 2532 1209 2618 gestasuiit,
1229 2547 1266 2600 ut
1276 2535 1463 2620 intelligitur
1477 2555 1517 2598 ex
1526 2546 1616 2615 c.29,

611 2658 642 2709 ι.
656 2639 769 2724 partim
783 2658 823 2703 eii
844 2660 873 2703 c.
888 2653 938 2722 35,
953 2644 983 2716 8.
1001 2640 1073 2707 coll.
1088 2661 1160 2706 cum
1173 2641 1214 2706 II.
1228 2640 1280 2725 69.
1324 2641 1406 2719 Qute
1422 2663 1499 2708 vero
1512 2641 1617 2707 hieme

611 2745 698 2832 'gesta
713 2745 795 2822 sunt,
818 2746 851 2811 iii
868 2747 1077 2831 praecedentis
1097 2748 1169 2815 anni
1188 2749 1314 2816 historia
1332 2750 1450 2836 rescire
1468 2748 1620 2834 Polybius

491 2921 493 2930 ,
609 2851 699 2921 salet.
740 2851 893 2936 Adeoque
906 2854 943 2916 ad
957 2850 1182 2934 expositionem
1204 2875 1326 2932 reruni,
1355 2854 1388 2916 in
1403 2852 1618 2935 Peloponneso

612 2958 655 3027 A.
667 2954 709 3023 V.
728 2952 898 3041 535.'anno
916 2978 941 3023 i.
965 2956 1094 3041 Olymp.
1111 2977 1196 3034 oxu.
1217 2959 1389 3041 gestarum,
1415 2956 1533 3023 nonnisi
1554 2959 1620 3026 sera

614 3085 634 3131 a
647 3074 783 3148 praetura
798 3064 889 3131 Arati
903 3061 977 3150 filii,
999 3065 1053 3147 qui
1065 3065 1145 3147 patri
1162 3066 1193 3128 in
1207 3065 1385 3150 magistratu
1398 3063 1552 3143 successit,
1572 3087 1623 3131 ea·

614 3170 681 3258 pite
699 3187 749 3251 37.
763 3170 855 3258 hujus
876 3170 947 3235 libri
965 3171 1105 3247 accedit3
1131 3172 1179 3236 sed
1195 3171 1228 3236 δι
1249 3185 1322 3240 tunc
1346 3174 1447 3238 rursus
1470 3175 1623 3240 continuo

618 3296 672 3340 eas
693 3276 821 3354 deserit,
850 3274 902 3353 &‚
930 3274 1117 3361 interpositis
1142 3281 1274 3364 primum
1301 3282 1394 3346 rebus
1421 3281 1626 3359 Rhodiorum,

615 3381 864 3470 Byzantiuorum
876 3381 909 3446 dt
924 3382 1124 3460 Cretensium,
1144 3385 1195 3452 sub
1210 3384 1305 3452 finem
1314 3386 1627 3475 Olympcxxxix·

600 3560 602 3564 ,
618 3488 714 3573 gestis
722 3535 732 3569 ,
750 3493 791 3568 *ad
806 3491 926 3555 illarum
941 3486 1158 3560 nastaoonem
1172 3496 1252 3560 redit
1266 3515 1334 3579 cap.
1349 3512 1388 3577 57
1403 3493 1530 3579 &seqq
1564 3495 1629 3579 igi·

500 3609 503 3615 '
621 3602 675 3661 tur
690 3595 742 3674 (ut
755 3618 813 3664 nos
830 3616 954 3684 quoque
969 3599 1007 3662 ad
1021 3597 1211 3681 propositum
1225 3601 1404 3682 redeamus)
1418 3624 1455 3665 ex
1472 3604 1534 3678 eis,
1555 3621 1630 3684 quae

622 3704 840 3789 exposuimus,
868 3702 1002 3788 intelligi
1018 3705 1126 3781 debet,
1154 3725 1216 3790 quo
1238 3705 1330 3799 padio
1350 3731 1417 3793 cap.
1436 3725 1483 3791 14.
1506 3710 1582 3774 vers.
1598 3725 1631 3792 9.

624 3809 659 3875 in
680 3829 743 3896 quo
766 3809 967 3886 substitimus,
997 3810 1147 3895 Polybius
1163 3815 1262 3882 dicat:
1307 3815 1417 3885 Ταῦτα
1430 3818 1487 3898 μὲν
1503 3802 1552 3879 aba
1567 3815 1632 3882 dre.

624 3912 768 3999 Nempe:
798 3914 873 3982 Hae'c
887 3918 987 3998 igitur
999 3918 1075 3993 (scil.
1090 3920 1123 3982 iu
1138 3923 1248 4007 quibus
1263 3926 1455 4007 exponendis
1466 3944 1548 3987 nunc
1564 3943 1634 3987 ver·

627 4015 752 4123 samur'p
767 4042 838 4116 quae
853 4023 885 4090 in
901 4024 958 4085 hac
974 4024 1063 4091 Arati
1077 4038 1211 4108 praetura
1227 4028 1311 4114 gesta
1324 4029 1410 4106 sunt,
1433 4029 1467 4094 dt
1480 4049 1551 4113 quae
1569 4030 1635 4093 Bel·

627 4125 694 4196 lum
710 4127 832 4230 Soelale
847 4127 1243 4216 praecesseruiit)superiore
1256 4137 1429 4205 occiderant
1439 4136 1637 4220 Olympiades

627 4252 696 4319 qua
711 4242 812 4300 autem
830 4233 933 4302 deinde
948 4233 1135 4325 gestaluit,
1164 4241 1277 4326 (ipsum
1301 4261 1413 4330 nempe
1435 4243 1556 4311 Bellum
1579 4244 1636 4308 So-

632 4340 734 4424 ciale)
750 4339 926 4426 Olympiade
941 4362 1027 4413 cxi..
1071 4343 1164 4418 Quod
1180 4362 1284 4412 autem
1299 4349 1332 4414 iu
1346 4350 1448 4412 media
1462 4352 1639 4418 narratione

630 4447 800 4528 remmiad
815 4447 1116 4539 Olympcxaxix.
1131 4451 1230 4522 adhuc
1243 4455 1477 4545 pertinentium,
1492 4458 1641 4528 adcostu·

1556 4565 1642 4635 don
