4084 5484
517 855 563 876 .·
652 803 786 902 Versa.
815 819 850 883 δι
871 812 1080 898 ταύτομάτου,
1100 816 1339 906 sortesortuao
1367 845 1413 866 ·-·
1455 813 1589 893 „uvius
1651 809 1654 874 i

589 922 713 990 videtur
724 925 802 989 male
817 927 896 991 hanc
914 948 1025 992 vocem
1039 925 1206 1011 accepiiie3
1229 947 1300 990 narn
1311 923 1453 1009 fortuito
1469 923 1591 988 inclina·
1651 921 1654 981 i

592 1030 636 1096 tio
649 1033 835 1113 animum,
857 1054 947 1119 quam
961 1035 1014 1098 iile
1029 1036 1123 1113 dicit,
1145 1032 1292 1121 [XXVII
1310 1050 1358 1115 17
1358 1031 1373 1116 ]
1386 1050 1453 1096 non
1469 1031 1592 1096 videbit

592 1135 724 1224 potuisse
739 1139 832 1206 dicif‘
874 1161 1122 1209 caravnouva
1143 1143 1246 1208 ιἰστιι
1262 1138 1354 1227 unfit

657 1242 734 1308 ibid
749 1238 909 1313 Ἐδιαιῖνι.
950 1248 1003 1314 Sic
1017 1248 1195 1322 constanter
1212 1259 1303 1311 uocat
1316 1245 1490 1329 Polybiuar
1514 1240 1593 1308 m

581 1340 704 1430 stomin
720 1352 834 1420 Livius.
878 1387 923 1419 ·-.
961 1353 1041 1422 lbid.
1056 1350 1118 1421 ¹rir
1133 1363 1151 1402 ⁸
1166 1347 1323 1435 δυνάστην.
1360 1353 1487 1419 livius.
1515 1349 1596 1414 Err-

586 1449 680 1544 scon,
701 1458 803 1524 clarus
814 1462 895 1526 inter
910 1463 999 1530 dacer
1010 1461 1174 1547 Hispanos.
1217 1461 1295 1526 Cum
1308 1480 1418 1525 omues
1434 1457 1530 1541 vulgo
1544 1448 1608 1519 τδν.

596 1556 721 1628 δυνατδν
742 1560 888 1652 δυνάστην
910 1572 1046 1648 darent,
1063 1569 1260 1640 Crieubonur
1282 1567 1390 1643 vertit,
1416 1573 1498 1630 uoto
1518 1565 1620 1628 inter·

587 1663 664 1756 suos
679 1675 823 1754 potentio
841 1675 976 1759 regulus.
1007 1672 1218 1742 *Vocubulurn
1236 1666 1360 1739 δυνατδν
1378 1685 1415 1738 ut
1428 1667 1600 1755 rutpertum

597 1774 885 1864 notavit-Scaliger.
927 1781 1099 1867 Sigonius,
1123 1782 1248 1867 Polybii
1267 1770 1322 1846 ini
1341 1780 1437 1844 verba
1456 1778 1603 1844 adierena·

599 1882 638 1951 ιδ
658 1881 725 1946 Liv.
739 1883 875 1953 XXVII.
893 1904 943 1970 η.
959 1888 1044 1953 idern
1064 1888 1172 1954 vocab.
1185 1881 1310 1955 δυνασδν
1328 1885 1452 1971 prorsus
1475 1899 1606 1970 praeter·

455 2013 458 2020 ’
600 1985 710 2066 βῑῦῑ..
732 2011 916 2066 uersum
937 1995 1073 2061 adhunc
1089 1996 1213 2061 locurirr
1254 1995 1353 2074 „Nou
1371 1992 1517 2076 inprobo
1537 1988 1604 2074 qui·

441 2095 443 2099 ’
476 2130 479 2136 -
602 2091 694 2172 deur,
712 2100 831 2183 inquit,
851 2094 992 2175 δυνατδν,
1017 2101 1094 2183 (vid.
1106 2121 1138 2187 p.
1151 2108 1226 2185 844,
1242 2098 1307 2184 ις.)
1328 2098 1377 2185 [id
1389 2099 1450 2176 est,
1470 2117 1538 2180 cap.
1554 2110 1605 2178 35,

603 2199 653 2291 ἁ]
697 2203 768 2269 Non
791 2204 910 2289 possum
929 2216 1034 2272 umen
1056 2206 1255 2286 diffinrulare,
1285 2207 1362 2272 mihi
1386 2206 1485 2271 videri
1504 2205 1537 2268 in
1551 2203 1607 2267 iilo

604 2310 712 2379 vocab.
727 2303 852 2376 δυνατδν
865 2314 962 2377 latere
975 2315 1192 2400 compopaii
1204 2312 1330 2393 iberici,
1352 2310 1529 2380 eui-Eneca
1550 2309 1608 2374 iur-

604 2418 792 2500 peritubat.“
815 2450 861 2469 ·-
902 2417 984 2496 Quen
1006 2419 1184 2505 conjettura
1203 2443 1275 2492 curn
1287 2441 1344 2506 per
1358 2419 1388 2483 se
1402 2418 1536 2503 speciem
1555 2416 1609 2480 ha.

606 2522 695 2596 beat,
716 2536 784 2591 turn
798 2544 855 2609 per
866 2524 954 2593 titum
968 2528 1243 2612 regionumiicere
1256 2528 1451 2613 putavimus,
1469 2533 1507 2590 ut
1519 2522 1610 2607 suipi-

609 2653 766 2711 coremur,
787 2626 840 2696 τδν
859 2628 1074 2700 Ἐδιτανυῖν
1094 2626 1240 2719 δυνάστην
1257 2630 1400 2717 icripfiffe
1415 2629 1541 2698 sortaffe
1555 2630 1610 2694 Po·

609 2738 740 2823 beiurn.
782 2737 925 2805 &dotari
943 2743 993 2807 vel
1011 2742 1144 2808 Edetani
1161 2745 1273 2828 partim
1294 2742 1332 2806 ab
1351 2739 1476 2815 occasu,
1499 2739 1612 2822 partim

611 2844 771 2912 ameridie
783 2846 959 2912 habitabant
973 2847 1174 2934 Ilergetibus,
1195 2851 1305 2934 quibus
1318 2846 1459 2912 Indibilis
1482 2846 1614 2929 impera·

611 2949 686 3027 bat,
720 2954 946 3036 propemodum
967 2956 1006 3020 ad
1026 2958 1128 3033 vium,
1160 2976 1221 3043 qua
1240 2953 1493 3041 proficiscendum
1513 2952 1615 3016 suerat
1641 3027 1647 3042 ι

614 3053 769 3141 Scipioni,
791 3057 969 3125 Tarracone
985 3060 1203 3147 Carthaginem
1228 3063 1351 3128 Novum
1366 3060 1508 3136 ducenti,
1530 3060 1616 3122 Inde·

614 3183 675 3248 que
692 3166 842 3229 redeunti.
884 3166 982 3232 Iidem
999 3168 1150 3248 Edetani,
1167 3166 1243 3254 socii
1262 3170 1373 3234 deinde
1386 3179 1546 3242 ¹vocuutur
1565 3184 1618 3246 po·

613 3271 679 3355 puli
697 3267 827 3334 Romani
845 3275 925 3357 apud
946 3275 1011 3342 biv.
1028 3275 1179 3344 XXVIII.
1194 3292 1245 3358 ιι.
1285 3276 1327 3340 Et
1347 3275 1436 3339 facile
1460 3273 1618 3341 ιδετανῶν,

616 3377 761 3460 ignotum
782 3398 897 3443 nomen
915 3380 1064 3459 librariis,
1093 3383 1124 3446 in
1149 3383 1280 3448 δυνατῶν
1297 3380 1331 3448 dr
1348 3384 1420 3446 dein
1441 3382 1474 3444 in
1495 3371 1621 3443 δυνατδν

618 3484 797 3566 detorqueri
806 3486 917 3568 potuit
937 3486 1010 3554 Fuit
1021 3490 1115 3554 etiam
1130 3509 1201 3553 curn
1214 3489 1439 3574 suspicaremur,
1448 3480 1574 3551 δυνατδν
1582 3506 1622 3549 ex

619 3586 765 3675 δυνάστην
781 3591 841 3655 eise
854 3605 1053 3679 corruptum,
1079 3595 1337 3679 quemadmodum
1359 3594 1399 3661 vi
1415 3613 1442 3676 5.
1463 3614 1520 3678 pro
1539 3594 1624 3657 δυνα·

621 3702 701 3768 στάν
715 3700 791 3767 Vrb.
803 3697 938 3765 δυνατῶν
952 3702 1065 3784 habet)
1086 3701 1120 3767 dr
1136 3703 1278 3787 imperite
1294 3704 1369 3767 duas
1381 3699 1535 3765 iestiones
1551 3723 1624 3766 con-

619 3806 742 3896 juuftas
755 3806 832 3881 effe,
853 3810 979 3873 niteram
994 3810 1137 3891 probam,
1154 3810 1279 3875 alteram
1294 3823 1480 3892 corruptam.
1525 3807 1626 3871 Poiiet

624 3919 719 3982 etiarn
742 3913 906 3999 utrumque
928 3913 1114 3980 vocabulum
1133 3917 1249 3990 teneri,
1278 3914 1393 3979 flesset
1415 3917 1473 3980 τῶν
1493 3915 1625 3980 δυνατῶν

625 4023 791 4092 δυναστῶν,
821 4021 881 4084 scil.
897 4042 983 4098 τινας
1005 4021 1054 4085 sed
1068 4014 1120 4087 τδν
1135 4014 1259 4088 δυνατδν
1275 4015 1429 4106 δυνάστην,
1451 4023 1542 4088 nobis
1561 4023 1627 4106 qui·

626 4131 697 4195 dem
707 4130 876 4212 jndicibus,
897 4128 969 4192 ferri
991 4129 1077 4192 nullo
1091 4131 1185 4193 ruodo
1201 4131 1312 4215 potuit.

688 4235 767 4303 Ibid.
791 4224 853 4313 iip'
874 4230 975 4322 αὐτῷ
993 4237 1180 4320 τρυστεσὲῖν.
1230 4234 1414 4320 Conje&ura
1435 4236 1505 4301 haec
1528 4235 1631 4301 fuerat

626 4342 796 4421 Gronorii,
817 4344 871 4432 qui
883 4364 952 4412 ean
965 4345 1003 4412 ud
1016 4344 1158 4412 uramini
1171 4343 1241 4412 iibri
1257 4344 1387 4414 notavit.
1429 4344 1467 4413 In
1486 4345 1631 4409 eamdem

1509 4450 1632 4518 senten·
