4084 5484
933 627 1307 703 ennorrr'rrorr'es

457 848 606 918 epm.
937 803 1165 874 ceevr
1206 808 1303 875 rx1.
1612 771 1650 895 ‘i

480 922 554 985 vert
569 937 595 977 ο.
678 912 765 1001 Vers.
775 931 804 981 2.
818 914 856 993 ἐξ
868 910 1012 997 Ἀχαίας.
1037 914 1076 992 ἐξ
1085 926 1193 980 carent
1207 916 1289 981 Flor.
1303 915 1389 1000 Aug.
1401 910 1573 1001 Reg.A.C.
1585 940 1624 963 ··
1647 901 1650 990 ἶ

506 1004 514 1023 .
617 1024 697 1091 Ibid.
716 1016 929 1106 σφενδονήτας.
971 1021 1169 1104 σφενδονίτας
1181 1023 1268 1108 Aug.
1283 1023 1427 1108 Reg.A.-

680 1127 760 1197 leid.
776 1124 844 1203 τοία
858 1123 942 1214 ταροὲ
957 1128 1229 1216 Πολνῤῥηνίοιν
1243 1125 1491 1208 οἷτεσταλμένονς
1505 1126 1625 1213 Κρῆτας

595 1326 598 1331 Ι
618 1236 912 1311 πεντακοσίους.
956 1236 1049 1305 Vnde
1065 1234 1220 1334 Meffem'r'⁸
1243 1240 1296 1323 qui
1311 1259 1350 1301 ne
1369 1238 1548 1300 societatem
1565 1237 1626 1320 qui·

619 1351 692 1414 dem
705 1368 778 1413 curn
796 1346 937 1430 Philippo
952 1343 986 1411 &
1000 1347 1127 1428 Aehaeis
1143 1349 1290 1423 flerent,
1314 1342 1391 1426 (IV.
1406 1341 1478 1427 31.)
1494 1344 1558 1409 huc
1574 1341 1627 1407 fint

619 1452 743 1531 intrusr,
765 1451 891 1519 difficile
907 1453 1002 1518 fuerit
1015 1415 1191 1519 hariolarff
1201 1452 1389 1520 Immensum
1406 1452 1534 1536 quidem
1550 1453 1628 1516 inter

550 1565 555 1580 ''
620 1562 652 1627 se
667 1560 814 1626 differunt
839 1562 905 1638 duo
922 1562 1065 1639 nomina,
1095 1553 1258 1645 Μεσσήνιοι
1279 1559 1314 1626 &
1332 1552 1628 1647 Hokvppvffvroflrec

468 1655 473 1665 ¹
621 1680 728 1734 tamen
744 1668 844 1746 aliud,
872 1688 965 1752 quam
985 1666 1047 1732 hoe
1064 1669 1162 1753 ipsum
1176 1668 1346 1752 posterius,
1370 1668 1454 1752 quod
1469 1668 1532 1731 huc
1553 1664 1628 1731 trrhi

558 1811 560 1823 =
619 1775 731 1861 poffit,
752 1777 910 1839 invenitur
928 1794 995 1858 cap.
1013 1790 1063 1858 55,
1080 1792 1109 1857 5.
1128 1796 1168 1839 ex
1186 1795 1249 1859 quo
1264 1775 1337 1839 loco
1360 1776 1488 1838 omnino
1500 1774 1571 1846 hic,
1598 1772 1627 1836 in

405 1876 412 1888 ⁸
488 1880 490 1884 ’
622 1902 686 1968 quo
701 1902 784 1946 nunc
797 1882 962 1957 versamur,
984 1881 1045 1947 fuit
1058 1885 1287 1960 emendandus3
1308 1883 1392 1968 quod
1409 1875 1626 1966 perspesteCa·

623 1990 778 2055 saubonue
793 1989 879 2053 fecit.
922 1989 971 2052 Ex
994 1993 1107 2054 eodem
1126 2002 1230 2054 eutem
1250 1990 1323 2056 loco
1343 1983 1626 2056 πεντακοσίους

623 2117 682 2181 pro
704 2092 954 2180 τριακοσίους
961 2137 971 2168 ‚
1004 2098 1087 2180 quod
1103 2118 1212 2160 omnes
1228 2098 1323 2183 vulgo
1338 2094 1372 2161 ἃ
1387 2092 1540 2180 scripti&
1557 2092 1627 2158 editi

623 2203 794 2284 habebant,
814 2202 942 2267 restitui.
978 2203 1059 2266 Nam
1074 2224 1168 2286 quum
1183 2204 1288 2288 adjicit
1300 2204 1331 2268 h.
1343 2204 1364 2266 l.
1377 2202 1543 2267 articulum
1556 2193 1626 2276 τοῦι,

625 2308 800 2394 fignificat,
832 2330 943 2374 omnes
958 2309 1061 2373 secum
1074 2309 1208 2375 habuiffe
1223 2312 1413 2396 Philippum,
1439 2310 1493 2392 qui
1511 2309 1627 2390 fuerent

625 2414 712 2485 miffi.
757 2417 807 2480 Ac
824 2417 918 2481 video
932 2417 1073 2503 quidem,
1095 2439 1161 2501 cap.
1175 2419 1226 2501 67,
1240 2417 1269 2483 6.
1285 2417 1387 2482 rursus
1402 2421 1551 2481 trecentos
1565 2412 1628 2478 ere·

625 2520 720 2607 tenses
737 2525 769 2587 in
786 2511 925 2588 exercitu
942 2524 1074 2608 Philippi
1094 2527 1330 2590 commemorari
1337 2548 1347 2602 ;
1381 2537 1414 2589 at
1435 2525 1479 2589 ibi
1500 2545 1565 2588 non
1590 2523 1624 2586 de

626 2640 698 2696 toto
715 2632 873 2717 exercitu,
895 2630 946 2694 sed
959 2632 998 2693 de
1013 2642 1100 2715 parte
1116 2634 1276 2715 copiarum
1288 2634 1400 2718 agitur.

493 2737 565 2801 vers.
579 2747 605 2813 3.
690 2735 727 2801 V
722 2733 778 2820 ers.
793 2756 821 2819 3.
843 2733 883 2811 οἷς
895 2730 950 2821 τήν
964 2731 1139 2816 μεσόγαιαν.
1167 2739 1219 2803 Sic
1233 2739 1303 2805 Vat.
1315 2741 1397 2804 Flor.
1412 2741 1495 2826 Aug.
1510 2739 1628 2826 Rege.

624 2844 772 2909 Mendose
785 2845 880 2929 vulgo
893 2847 963 2908 edd.
979 2865 1088 2908 omnes
1101 2865 1172 2907 cum
1186 2845 1258 2909 Bav.
1276 2842 1316 2919 εἰς
1329 2840 1381 2910 το“ν
1393 2841 1574 2925 μεσόγαιαν,
1598 2846 1631 2913 &
1648 2889 1650 2938 :

624 2950 742 3033 duplici
764 2970 870 3014 errore
889 2945 1076 3029 μεσσίναιαν
1092 2956 1139 3015 ed.
1159 2950 1185 3016 r.
1201 2971 1228 3018 2.
1271 2954 1384 3018 Forsan
1401 2946 1457 3038 τήν
1470 2950 1631 3034 μεσόγαιον
1647 2941 1650 2968 ¹

624 3058 700 3122 dare
714 3058 861 3122 debuerat
874 3059 947 3123 Bav.
991 3058 1169 3143 Vtrumque
1184 3072 1288 3125 autem
1302 3062 1415 3126 dicitur
1428 3058 1446 3146 ἡ
1460 3057 1629 3150 μεσόγαιοι,

500 3219 509 3230 .
624 3162 660 3229 ἃ
675 3156 874 3250 ἡμεσίγοαα,
904 3167 954 3230 sed
978 3167 1010 3229 in
1030 3166 1091 3229 hoc
1117 3166 1298 3251 plerumque
1321 3170 1519 3237 consentiunt
1538 3172 1631 3238 nostri

579 3274 581 3277 ⁴
622 3271 705 3337 libri.
747 3272 844 3336 Porro
866 3285 969 3337 utrum
987 3266 1056 3358 τήν
1076 3271 1246 3352 Αἰτωλίας,
1272 3297 1310 3338 an
1324 3276 1376 3361 τῆς
1392 3276 1464 3343 Αἰτ.
1479 3279 1650 3380 Ιεςειιιιιιο,Ι

624 3398 736 3463 patum
752 3380 857 3445 refert.

689 3486 770 3551 Ibid.
783 3478 973 3553 ἐτετεθοίκοι
986 3489 1056 3559 Vat.
1065 3489 1148 3554 Flor.
1159 3490 1236 3573 Reg.
1246 3488 1283 3555 Α.
1295 3487 1331 3555 8ο
1341 3491 1427 3576 Aug.
1443 3515 1461 3556 a
1473 3512 1522 3578 pr.
1528 3514 1631 3566 manu,

624 3592 732 3657 sedin
754 3594 816 3657 hoc
840 3610 993 3661 mutatum
1014 3600 1047 3661 in
1070 3591 1261 3680 ἐτετεθήιισι.
1304 3598 1459 3663 Particula
1480 3587 1526 3663 οίν
1547 3598 1633 3665 οεᾶε

626 3697 743 3783 εοῇεᾶο
757 3702 801 3765 est
815 3704 846 3764 in
863 3704 935 3768 Bar.
955 3715 985 3767 at
1005 3716 1128 3787 poterat
1147 3707 1241 3769 etiam
1261 3706 1338 3770 citra
1360 3727 1499 3772 errorem
1522 3695 1650 3785 abeffe,'

625 3819 661 3871 ut
678 3810 813 3872 vidimus
826 3812 863 3873 ad
876 3813 899 3875 I.
919 3832 943 3886 ι,
961 3830 986 3873 r.
1003 3813 1120 3876 Adrot.
1135 3834 1165 3896 p.
1185 3830 1253 3892 115.
1648 3885 1650 3892 ,

405 3933 408 3941 ’
489 3916 603 3991 verm.
687 3912 775 3998 Vers.
790 3932 820 3997 4.
844 3912 884 3988 εἰς
898 3911 933 3981 ro*
947 3913 996 4002 uer}
1011 3919 1151 4003 στῆναι.
1186 3921 1258 3984 Νοιι
1276 3922 1418 4005 improbo
1433 3919 1630 4003 καταστῆναι,

623 4025 707 4104 quod
723 4024 822 4088 voluit
840 4026 1002 4103 ReislriuS,
1032 4028 1160 4091 sednon
1178 4028 1377 4091 necess'arium
1392 4039 1481 4113 puto.
1527 4028 1630 4111 στῆναι

622 4130 667 4193 est
671 4126 734 4211 sese
747 4151 935 4213 componere,
960 4132 994 4196 δι
1008 4134 1089 4218 quasr
1098 4136 1228 4221 firmum
1242 4139 1337 4197 locum
1353 4155 1468 4218 capere.
1513 4134 1566 4201 Sic
1583 4130 1630 4198 οἶν.

623 4235 736 4319 δραδοῖς
749 4235 840 4322 ἔστη,
864 4240 888 4302 Ι.
902 4259 950 4320 31,
966 4247 996 4315 8.
1010 4245 1141 4305 viriliter
1147 4240 1209 4326 sese
1221 4239 1391 4324 composuit.
1426 4244 1548 4307 Eodem
1565 4263 1631 4329 per·

622 4343 703 4407 tinet
719 4338 806 4418 λίνος
818 4341 927 4418 ἑστώς,
938 4348 1057 4434 firma,
1078 4351 1213 4435 constans
1226 4351 1317 4411 ratio.
1362 4342 1412 4412 καί
1427 4349 1631 4435 προνοηθῆναι

622 4471 665 4512 σε
679 4452 756 4513 bene
768 4453 875 4529 habet,
899 4455 1070 4536 praesertim
1083 4454 1105 4518 fi
1119 4449 1355 4539 ταρεσιιενοίοίοιι
1370 4459 1522 4541 sequitur,
1547 4454 1630 4543 quod

619 4555 736 4624 habent
766 4560 842 4627 editi
869 4580 941 4625 cum
961 4560 1038 4628 Bav.
1059 4563 1146 4650 Aug.
1169 4564 1246 4647 Reg.
1259 4567 1300 4629 A.
1324 4561 1403 4646 (τοῦ
1428 4549 1523 4650 quod*
1541 4587 1629 4647 rape·

600 4673 605 4680 ”
633 4713 650 4718 --
699 4711 703 4718 ›
745 4679 752 4718 ἵ
783 4683 791 4724 :
1472 4671 1628 4756 σκενιῖθον
