4084 5484
495 655 497 662 ·
596 620 698 706 48⁶:
913 637 1272 690 nnuorrrrorree

443 747 576 800 ΕΞ

460 822 531 883 vers.
543 841 570 899 4.

595 792 692 878 lybii,
710 814 751 858 eo
763 794 937 877 parciorem
950 790 1038 864 fuisse
1051 788 1247 858 Gronovium
1260 791 1294 856 in
1306 786 1485 855 adnotanda
1498 805 1539 854 ex
1549 779 1607 854 iiie

597 900 706 965 codice
722 902 788 979 (vei
802 921 840 963 ex
857 900 976 964 duobus
990 898 1052 962 iliis
1069 899 1248 974 codicibus
1277 917 1349 962 narn
1367 900 1434 961 duo
1456 893 1545 972 sont,
1566 903 1600 958 ut

597 1008 630 1073 in
645 1007 829 1072 Praefatione
841 1007 993 1082 diximus,
1013 1003 1185 1089 qui'tamen
1204 1003 1246 1069 ob
1265 1013 1452 1086 perpetuum
1475 1001 1543 1066 sere
1559 1001 1599 1064 iu·

597 1121 648 1179 ter
663 1114 692 1177 se
705 1113 883 1177 consensum
901 1133 959 1197 pro
972 1131 1038 1176 uno
1054 1110 1160 1176 haberi
1178 1107 1320 1194 possunt)
1338 1107 1488 1174 ledbionis
1509 1099 1601 1172 virie·

599 1226 673 1296 ote,
688 1216 1071 1302 praeeipueubimanifeste
1084 1216 1227 1281 mendosa
1240 1215 1520 1300 codiciesoripture
1528 1223 1598 1278 eret.

599 1325 636 1394 in
651 1325 857 1410 superioribus
871 1337 976 1391 autem
989 1324 1074 1387 libris
1085 1324 1200 1400 nullas,
1225 1343 1266 1386 ne
1285 1319 1526 1388 manifeiiiffime
1539 1317 1599 1405 qui·

599 1432 672 1501 dem
688 1428 977 1497 vitiosas'lesrioues
992 1429 1169 1515 praeteriisse
1184 1431 1315 1494 videtur.
1347 1429 1505 1496 Eemdem
1515 1428 1602 1492 retio-

600 1555 674 1607 uem
689 1539 721 1603 in
734 1539 922 1603 conserendo
938 1539 1047 1603 codice
1061 1533 1250 1621 ‘I'ubingenfi
1264 1533 1393 1601 tenuiss'e
1406 1531 1548 1602 Reuffius
1561 1534 1603 1598 vi·

601 1646 709 1723 detur,
730 1656 779 1722 ut,
797 1665 869 1709 cum
882 1644 971 1708 initio
985 1644 1035 1711 vei
1047 1642 1210 1709 levissimas
1222 1641 1370 1709 enotaffet
1382 1643 1601 1717 aberratiouer.

599 1752 749 1839 paulatim
763 1753 886 1836 parcior
899 1751 999 1816 fieret.
1043 1750 1152 1834 Neque
1166 1750 1198 1816 id
1212 1750 1334 1816 mnum-
1376 1745 1602 1816 Nemeaeu

600 1858 712 1950 plenus
733 1859 785 1924 hic
802 1859 889 1922 labor
908 1856 967 1934 est,
994 1857 1186 1922 librariorum
1206 1857 1452 1923 halucinationes
1470 1843 1599 1941 quasque

600 1966 767 2038 adnotandi
774 1987 785 2041 ;
816 1963 851 2029 dr
870 1960 1006 2040 irustus,
1036 1982 1219 2047 quamquam
1242 1965 1397 2041 interdum
1418 1963 1505 2028 haud
1528 1961 1602 2046 sper·

602 2073 741 2148 nendus,
769 2071 907 2156 (dequo
926 2073 957 2136 in
977 2069 1095 2136 Praefat.
1109 2070 1263 2164 somoV.
1277 2068 1406 2157 praesum
1417 2069 1555 2135 diximus
1573 2087 1602 2152 p.

606 2197 646 2246 η
659 2178 719 2262 sq.)
733 2178 871 2243 incertus
887 2189 990 2242 temen
999 2177 1204 2261 remotusque,
1225 2174 1260 2244 δι
1273 2179 1326 2262 qui
1334 2197 1390 2261 per
1403 2175 1435 2242 se
1447 2173 1603 2258 exilispie·

602 2286 705 2370 risque
716 2286 798 2351 haud
810 2286 966 2351 immerito
978 2284 1128 2349 videatur.
1171 2281 1308 2348 Omnino
1321 2303 1418 2360 vero,
1441 2283 1498 2367 qui
1512 2299 1601 2346 unum

603 2400 724 2460 tentum
740 2404 794 2456 eut
806 2391 936 2456 alterum
954 2391 1098 2454 codicem
1114 2390 1353 2475 manuscriptum
1371 2409 1447 2454 cum
1465 2383 1601 2473 impresso

604 2498 829 2568 eonferendum
846 2496 975 2581 suscipit,
997 2516 1083 2581 aegre
1096 2497 1262 2580 dijudicare
1274 2495 1384 2582 potest,
1397 2495 1545 2581 quidnam
1558 2492 1602 2557 ed·

603 2605 707 2673 notari
719 2614 884 2675 mereatur,
907 2605 979 2686 quid
992 2603 1105 2668 minus.
1135 2602 1215 2667 Nam
1228 2600 1304 2673 ficut
1317 2599 1506 2688 singularem
1519 2597 1603 2666 uniuu

605 2711 657 2776 uel
673 2711 798 2775 alterius
811 2709 925 2774 librarii
939 2709 1164 2776 aberrationem
1177 2710 1342 2787 adnotare,
1367 2706 1423 2774 nifi
1445 2704 1603 2794 peculini!

605 2819 749 2901 quaedem
761 2817 840 2879 ratio
855 2814 945 2891 adiit,
965 2816 1009 2880 nil
1030 2817 1165 2892 adtinet;
1190 2814 1250 2895 uc,
1275 2816 1330 2881 nbi
1350 2817 1479 2880 codices
1502 2827 1603 2881 omnen

605 2923 640 2990 in
656 2924 800 2987 eumdem
817 2942 954 2987 errorem
975 2920 1184 2999 consentiunt,
1210 2935 1264 2986 eut
1279 2922 1331 2988 ubi
1345 2923 1376 2986 in
1393 2922 1497 2988 varias
1510 2932 1604 3006 parret

607 3049 627 3093 a
648 3049 723 3091 vera
741 3024 890 3101 iedbione,
921 3039 974 3092 aut
994 3028 1031 3091 ab
1054 3049 1091 3096 ea
1112 3048 1204 3113 quam
1228 3030 1305 3093 liber
1326 3026 1490 3114 impress'us
1513 3025 1606 3100 hebet,

607 3135 722 3206 abeunt
733 3152 853 3208 omnes,
874 3152 979 3215 operae
993 3134 1127 3217 pretium
1141 3136 1247 3220 utique
1263 3135 1315 3211 est,
1338 3155 1463 3198 errores
1476 3135 1550 3199 istos
1561 3131 1608 3196 nd·

605 3254 726 3318 notare,
748 3254 782 3304 ut
794 3240 913 3312 sciatur,
937 3240 1093 3323 vulgatam
1107 3237 1275 3307 lauronem
1290 3238 1409 3306 nonnisi
1422 3237 1606 3325 cunjesturie

608 3364 701 3430 atque
723 3344 908 3410 correiiioni
931 3348 1060 3419 editoris
1086 3347 1208 3424 deberi:
1248 3350 1288 3411 de
1313 3348 1398 3431 cujus
1424 3344 1607 3433 conjesturae

608 3455 713 3542 pretio
729 3454 860 3517 liberum
875 3453 985 3517 deinde
999 3454 1112 3537 cuique
1128 3454 1194 3519 viro
1210 3449 1304 3518 dodo
1319 3452 1379 3517 effe
1394 3456 1507 3535 debet,
1529 3453 1608 3516 suum

610 3560 809 3643 interponere
819 3562 986 3643 judicium,
1004 3556 1038 3623 tir
1051 3561 1230 3637 meliorem,
1256 3558 1352 3645 iique
1367 3561 1524 3637 occurrit,
1550 3577 1610 3624 teu·

612 3676 698 3740 tare3
714 3664 735 3727 fi
750 3669 913 3731 commoda
928 3669 1050 3731 videtur
1064 3670 1255 3743 emendatio,
1276 3687 1401 3750 aequum
1414 3668 1475 3746 est,
1497 3680 1533 3732 ut
1544 3665 1611 3730 scio

612 3770 729 3846 ledior,
748 3792 888 3854 quaenam
904 3774 1001 3856 gratia
1023 3774 1169 3840 debeatur
1190 3775 1236 3837 eis
1257 3774 1347 3850 viris,
1372 3793 1508 3856 quorum
1530 3776 1611 3857 inge-
1643 3721 1646 3812 i

613 3879 668 3944 nio
690 3875 724 3943 δι
748 3875 886 3949 dostrina
910 3880 1118 3962 pertinacique
1140 3880 1245 3947 labore
1268 3890 1399 3965 purgata
1418 3882 1455 3945 ub
1476 3897 1612 3944 errorum

615 3984 761 4054 monstris
777 3983 969 4068 &genuinae
987 3987 1113 4070 puritati
1136 3987 1274 4062 restituta
1293 3987 1360 4054 suut
1385 3999 1529 4054 veterum
1549 3983 1614 4051 seri·

615 4107 742 4187 prorum
760 4109 969 4157 monumenta.

680 4198 757 4261 ibid.
772 4192 916 4272 doiorum
929 4200 1052 4272 casaub,
1066 4220 1136 4263 cum
1148 4196 1224 4264 Vrb.
1240 4200 1323 4285 Aug.
1337 4197 1437 4271 Vriin.
1479 4191 1615 4268 δάσονται

615 4305 665 4367 ed.
681 4322 703 4370 r.
717 4304 795 4389 Reg.
805 4307 841 4369 G.
878 4299 1022 4378 dinume
1039 4307 1153 4389 liegffi.
1169 4306 1306 4390 Tubirrg.
1318 4304 1449 4372 Vesonr.
1469 4339 1516 4358 ·-·
1542 4301 1616 4371 ibid

617 4410 895 4490 deuroderfoee'vevr
912 4411 1036 4480 Vrsinus
1051 4436 1089 4478 ex
1102 4416 1228 4497 ingenio
1245 4415 1373 4478 scribere
1381 4414 1483 4497 justit,
1506 4417 1556 4479 cui
1568 4413 1618 4476 oh·

617 4522 804 4603 temperavit
817 4521 941 4590 carbon.
966 4518 1248 4601 burodefepe‘reur
1263 4523 1294 4584 iu
1310 4521 1527 4600 aoriibohubet
1538 4525 1585 4586 ed.
1595 4537 1620 4584 r.

1553 4647 1621 4696 cum
