4084 5484
732 650 814 718 ¹nu
836 650 996 697 ronne.
1018 627 1146 715 1v.65.
1390 648 1450 716 109

447 807 571 874 videtur
587 804 672 887 poni.
714 801 772 880 Et,
795 797 836 865 roi
848 796 926 881 ξύλα
937 797 977 875 οἷς
993 801 1120 884 σχεδίαις
1134 795 1327 891 καθήρμοζε,
1355 823 1412 889 per
1427 804 1457 866 se
1469 786 1600 904 W

446 915 574 998 quidem
586 914 751 977 commode
764 912 897 995 intelligi
912 913 1028 995 poterit
1043 932 1081 975 tx
1092 914 1183 999 lignis
1192 923 1276 978 rates
1289 915 1457 995 compegit:

444 1021 514 1099 sed,
535 1039 600 1103 quo
616 1013 708 1102 pasto
723 1038 763 1083 ex
777 1021 888 1103 tegulis
909 1020 1023 1102 pariter
1045 1024 1227 1104 compegerit
1249 1030 1350 1100 rotet,
1375 1017 1454 1083 diffi-

445 1128 508 1192 cile
525 1126 620 1190 fuerit
633 1123 727 1190 diftu.
771 1127 929 1215 Denique,
958 1123 1052 1190 fivel
1071 1130 1204 1191 maxime
1225 1128 1317 1192 verba
1338 1127 1392 1190 ista
1413 1119 1454 1188 roi

445 1228 525 1313 ξύλα
540 1230 602 1297 &o
616 1234 905 1317 interpretaremur,
935 1237 979 1297 ex'
993 1234 1086 1317 lignis
1109 1232 1146 1300 ἓν
1169 1238 1279 1317 tegulis
1300 1244 1385 1298 rates
1400 1228 1454 1319 effe

445 1338 638 1424 compaii‘m
657 1339 877 1404 defideraretur
892 1342 984 1406 etiam
997 1340 1039 1403 lic
1056 1342 1137 1406 aliud
1152 1343 1296 1418 verbum,
1318 1345 1356 1406 ad
1369 1340 1454 1424 quod
1582 1355 1585 1364 ¹

445 1449 616 1514 referretur
627 1447 670 1532 τῷ
683 1448 825 1530 ποταμῷ,
855 1447 887 1512 ὅ(
903 1468 966 1531 quo
983 1446 1222 1528 fignificoretur,
1248 1445 1322 1532 quid
1339 1450 1385 1509 eis
1407 1466 1452 1509 ra-

448 1556 533 1622 tibus
547 1556 658 1621 iecerit
671 1556 839 1639 Philippus.
884 1554 988 1631 Quare
1010 1554 1067 1619 hoc
1084 1557 1208 1639 quidem
1224 1568 1363 1640 exparte
1381 1574 1454 1617 cum

442 1682 603 1731 Rrrsxro
624 1663 737 1739 senti0,
763 1664 875 1745 qui—
902 1662 1107 1739 „Calauboni‚
1136 1664 1194 1739 ait,
1222 1662 1452 1745 interpretatio·
1544 1640 1549 1650 ¹

443 1793 519 1837 nem
534 1770 616 1835 malo
629 1770 681 1833 hic
689 1815 700 1847 ,
722 1788 814 1853 quam
828 1770 988 1846 Pahnerii,
1010 1769 1094 1852 sequi
1103 1812 1112 1842 ,
1136 1788 1206 1853 quae
1222 1771 1326 1834 multis
1341 1768 1453 1853 premi·

443 1890 497 1945 tur
512 1862 745 1943 difficultatibus
766 1876 800 1942 δι
821 1876 1074 1960 repugnantiis;“
1098 1907 1139 1930 ·-
1165 1875 1215 1941 sed
1231 1900 1289 1941 nec
1304 1878 1386 1941 illum
1402 1898 1452 1938 ca-

442 2008 515 2052 rere
540 1983 769 2049 difficultatibus
790 1986 899 2061 video,
928 1985 1041 2067 quibus
1064 1984 1217 2047 nonsatis
1240 1986 1358 2066 mederi
1373 1992 1451 2067 puto

443 2094 487 2170 id,
509 2093 594 2175 quod
608 2092 692 2155 idem
705 2109 889 2156 netsntvo
905 2091 1076 2182 proposuit2
1094 2112 1163 2153 oum
1180 2095 1239 2154 ait:
1261 2089 1305 2137 -'
1334 2091 1451 2163 „Forte

444 2197 579 2284 κέραμον
593 2197 726 2271 ἐνθεὶς
741 2192 780 2268 eie
795 2193 921 2279 σχεδίαις
934 2189 1110 2283 καθήρμοζε
1125 2197 1167 2280 τῷ
1178 2198 1315 2283 ποταμῷ,
1328 2197 1455 2261 subaudi
1535 2191 1546 2219 ·’

442 2300 499 2371 οὖν
515 2307 565 2370 vel
578 2309 626 2384 dv,
646 2306 856 2389 συνεργοῦντος
869 2306 923 2369 τοῦ
935 2306 1091 2383 ποταμοῦ,
1121 2326 1175 2389 ope
1190 2304 1290 2390 fluvii.
1335 2289 1474 2389 καθαρῖο
1584 2323 1591 2332 ·

442 2408 547 2500 μέζονα
559 2414 591 2477 h.
604 2415 625 2477 l.
640 2414 683 2478 est
696 2406 863 2496 oppliiam
890 2399 1035 2495 appellere
1050 2411 1179 2498 aliquid,
1206 2424 1241 2477 ut
1254 2424 1371 2489 ratem,
1399 2413 1454 2476 oli·

443 2542 533 2611 quem
553 2520 597 2585 od
613 2522 738 2585 locum.“
759 2552 803 2566 —
845 2520 940 2600 Quod
957 2522 1084 2604 quidem
1099 2540 1190 2604 quom
1206 2519 1243 2585 stt
1257 2522 1396 2603 asperum
1418 2518 1463 2583 &-

442 2632 482 2696 ab
497 2630 553 2694 usu
569 2629 718 2691 sermonis
734 2627 885 2704 alienum,
904 2648 967 2691 uon
982 2647 1061 2711 opus
1076 2626 1119 2690 est
1133 2640 1167 2690 ut
1181 2647 1335 2690 moneam.
1377 2625 1455 2691 Mihi

442 2759 522 2803 vero
536 2738 645 2819 utique
660 2735 728 2820 post
745 2726 920 2819 καθήρμοζε
940 2735 1021 2797 aliud
1043 2731 1206 2797 defiderari
1224 2736 1351 2799 verbum
1370 2734 1453 2799 vide·
1526 2807 1534 2826 „

442 2856 506 2914 tur.
549 2843 632 2908 Tum
650 2857 726 2907 vero
740 2843 856 2920 fateor,
879 2842 952 2927 quid
970 2837 1098 2924 κέραμος
1111 2840 1141 2904 h.
1155 2841 1176 2905 l.
1192 2843 1228 2905 ad
1246 2842 1453 2906 munitionem

443 2954 558 3028 faciat,
579 2948 679 3031 (conf.
694 2949 769 3014 vers.
787 2946 851 3030 1-1.)
863 2967 927 3014 uon
943 2948 1013 3013 satis
1028 2949 1105 3011 mihi
1121 2950 1249 3031 liquere.
1291 2947 1373 3015 Sene
1388 2970 1453 3013 nou

443 3061 516 3127 sunt
529 3053 667 3141 pretiosa
682 3057 806 3140 tegula,
830 3057 936 3140 quales
951 3056 1030 3134 illae,
1050 3075 1177 3139 quarum
1191 3077 1258 3139 cap.
1269 3070 1318 3138 57,
1328 3075 1357 3139 7.
1372 3056 1453 3121 ludia

444 3168 492 3232 est
503 3166 634 3229 mentio
678 3163 720 3225 Et
740 3165 864 3247 requiro
883 3165 935 3227 hic
955 3158 1011 3246 τήν
1032 3157 1167 3236 taedeo,
1197 3163 1327 3247 lapides,
1354 3164 1453 3228 muni·
1586 3235 1594 3241 ,

444 3275 527 3340 tioni
541 3272 681 3357 inprimis
695 3271 912 3347 inservituros3
933 3269 989 3336 nist
1001 3270 1064 3354 ipse
1075 3271 1127 3335 hic
1143 3266 1281 3353 κέραμος,
1301 3273 1354 3355 qui
1368 3291 1451 3335 nunc

445 3389 727 3455 commemoratur,
755 3378 865 3441 lateres
884 3379 953 3443 sunt
972 3376 1104 3458 coelites,
1135 3399 1174 3441 ex
1198 3376 1357 3444 destruitis
1379 3380 1453 3442 edi·

444 3487 529 3555 ficiis
546 3488 583 3550 ad
599 3485 798 3549 exstruendus
810 3505 913 3548 novos
931 3505 1038 3549 muros
1052 3482 1187 3568 repofiti.

516 3588 600 3677 Verfl
618 3608 646 3674 5.
669 3585 857 3673 ἐπεβάλοντο
874 3614 916 3657 ἐκ
935 3592 1056 3676 scriptis
1074 3592 1160 3656 libris
1177 3588 1312 3670 restitui,
1341 3592 1452 3676 quibus
1477 3594 1544 3652 Veri
1567 3605 1590 3663 5.

445 3702 556 3768 invitis
583 3693 789 3781 ἐπεβάλοντο
816 3715 882 3764 erat
909 3700 1038 3766 editum
1086 3698 1128 3763 Et
1152 3701 1268 3785 requiri
1293 3702 1452 3765 videbatur

446 3809 595 3884 meilros,
616 3806 842 3891 fignificatione
856 3808 1007 3890 praeteriti
1020 3804 1318 3892 plusquamperfeiti.

502 3912 628 3998 Verſs6.
644 3904 806 3986 Ἔλοαος
820 3914 1290 3999 ed.2seqq.cumAug.Reg.A.
1309 3905 1453 3988 Ἕλιος
1477 3920 1550 3977 Veri.
1564 3922 1590 3977 6.

445 4027 496 4090 ed.
513 4042 539 4087 ι.
556 4021 629 4087 Bav.
644 4019 718 4090 Vat.
732 4022 816 4087 Flor.
833 4020 950 4088 Perott.
991 4019 1086 4105 Apud
1104 4021 1182 4085 alios
1200 4023 1364 4107 scriptores
1386 4025 1452 4087 nul·

443 4132 506 4196 lam
520 4130 611 4213 hujus
626 4130 733 4213 oppidi
746 4129 937 4193 mentionem
951 4130 1085 4212 reperio.
1120 4127 1214 4193 Eleos
1229 4133 1311 4194 uude
1325 4132 1357 4194 in
1372 4138 1452 4193 Dan·

447 4239 526 4303 villii
547 4238 667 4301 tabulas
687 4240 867 4321 depromtus
882 4233 935 4313 fit,
959 4235 1013 4300 nifi
1026 4257 1065 4300 ex
1080 4236 1145 4322 ipso
1158 4238 1219 4300 hoc
1232 4235 1354 4320 Polybi-i
1368 4238 1452 4310 loco,

447 4356 644 4428 compertum
658 4364 722 4409 non
738 4344 848 4407 habeo.
890 4374 934 4390 -
976 4342 1055 4406 [bid.
1073 4336 1263 4427 κατασκευήν
1278 4346 1396 4409 restitui
1413 4366 1453 4407 ex

446 4452 569 4536 scriptis
593 4452 689 4520 libris.
738 4447 874 4513 Temere
901 4444 1095 4532 παρασκευήν
1118 4454 1185 4516 edd.
1211 4453 1252 4516 cf.
1275 4454 1312 4516 ad
1335 4453 1408 4516 veri.
1425 4471 1453 4533 3.

443 4557 507 4626 Sed
527 4557 616 4624 limul
639 4558 827 4625 immutando
849 4559 1010 4644 paululum
1032 4559 1247 4645 interpretatio
1272 4570 1355 4637 erat5
1391 4561 1452 4623 hoo

1367 4686 1451 4731 enlm
