<?xml version="1.0" encoding="UTF-8"?>
<!DOCTYPE html PUBLIC "-//W3C//DTD XHTML 1.0 Transitional//EN"
    "http://www.w3.org/TR/xhtml1/DTD/xhtml1-transitional.dtd">
<html xmlns="http://www.w3.org/1999/xhtml" xml:lang="en" lang="en">
 <head>
  <title>
</title>
<meta http-equiv="Content-Type" content="text/html;charset=utf-8" />
  <meta name='ocr-system' content='tesseract 3.04.00' />
  <meta name='ocr-capabilities' content='ocr_page ocr_carea ocr_par ocr_line ocrx_word'/>
</head>
<body>
  <div class='ocr_page' id='page_1' title='image "./polybiimegalopo00polygoog_0114.png"; bbox 0 0 4084 5484; ppageno 0'>
   <div class='ocr_carea' id='block_1_1' title="bbox 720 614 1459 694">
    <p class='ocr_par' dir='ltr' id='par_1_1' title="bbox 720 614 1459 694">
     <span class='ocr_line' id='line_1_1' title="bbox 720 614 1459 694; baseline 0.001 -20"><span class='ocrx_word' id='word_1_1' title='bbox 720 625 778 674; x_wconf 77' lang='grc' dir='ltr'>ιιι)</span> <span class='ocrx_word' id='word_1_2' title='bbox 800 624 962 674; x_wconf 74' lang='lat' dir='ltr'>roura.</span> <span class='ocrx_word' id='word_1_3' title='bbox 982 627 1040 676; x_wconf 81' lang='grc' dir='ltr'>ιν.</span> <span class='ocrx_word' id='word_1_4' title='bbox 1065 626 1115 692; x_wconf 82' lang='grc'><strong>57.</strong></span> <span class='ocrx_word' id='word_1_5' title='bbox 1137 614 1188 691; x_wconf 84' lang='lat'>58.</span> <span class='ocrx_word' id='word_1_6' title='bbox 1415 624 1459 694; x_wconf 83' lang='lat'>97</span> 
     </span>
    </p>
   </div>
   <div class='ocr_carea' id='block_1_2' title="bbox 514 761 1607 874">
    <p class='ocr_par' dir='ltr' id='par_1_2' title="bbox 514 761 1607 874">
     <span class='ocr_line' id='line_1_2' title="bbox 514 761 1607 874; baseline 0.026 -45"><span class='ocrx_word' id='word_1_7' title='bbox 514 776 603 863; x_wconf 60' lang='lat' dir='ltr'>Vas</span> <span class='ocrx_word' id='word_1_8' title='bbox 617 785 647 857; x_wconf 77' lang='lat'>8.</span> <span class='ocrx_word' id='word_1_9' title='bbox 669 774 852 857; x_wconf 74' lang='grc' dir='ltr'><strong><em>ἐγκλίματος</em></strong></span> <span class='ocrx_word' id='word_1_10' title='bbox 873 781 1009 844; x_wconf 83' lang='lat' dir='ltr'>correxit</span> <span class='ocrx_word' id='word_1_11' title='bbox 1028 779 1152 845; x_wconf 89' lang='lat' dir='ltr'>Casaub.</span> <span class='ocrx_word' id='word_1_12' title='bbox 1171 800 1241 843; x_wconf 89' lang='lat' dir='ltr'>cum</span> <span class='ocrx_word' id='word_1_13' title='bbox 1258 775 1372 863; x_wconf 78' lang='lat' dir='ltr'>scalig.</span> <span class='ocrx_word' id='word_1_14' title='bbox 1414 761 1607 844; x_wconf 39' lang='lat' dir='ltr'>Et*</span> <span class='ocrx_word' id='word_1_15' title='bbox 1477 809 1592 874; x_wconf 59' lang='lat' dir='ltr'>vem</span> 
     </span>
    </p>
   </div>
   <div class='ocr_carea' id='block_1_3' title="bbox 399 879 1608 4508">
    <p class='ocr_par' dir='ltr' id='par_1_3' title="bbox 399 879 1608 4508">
     <span class='ocr_line' id='line_1_3' title="bbox 446 879 1455 973; baseline -0.003 -19"><span class='ocrx_word' id='word_1_16' title='bbox 446 879 488 954; x_wconf 83' lang='lat' dir='ltr'>sic</span> <span class='ocrx_word' id='word_1_17' title='bbox 508 885 595 952; x_wconf 68' lang='lat' dir='ltr'>reste</span> <span class='ocrx_word' id='word_1_18' title='bbox 612 887 683 954; x_wconf 78' lang='lat' dir='ltr'>Vnt.¹</span> <span class='ocrx_word' id='word_1_19' title='bbox 699 886 734 952; x_wconf 79' lang='lat' dir='ltr'>dc</span> <span class='ocrx_word' id='word_1_20' title='bbox 750 889 834 952; x_wconf 85' lang='lat' dir='ltr'>Flor.</span> <span class='ocrx_word' id='word_1_21' title='bbox 877 882 1066 973; x_wconf 73' lang='grc' dir='ltr'><strong><em>ἐγκλήματος</em></strong></span> <span class='ocrx_word' id='word_1_22' title='bbox 1086 891 1135 952; x_wconf 86' lang='lat' dir='ltr'>ed.</span> <span class='ocrx_word' id='word_1_23' title='bbox 1154 906 1181 953; x_wconf 88' lang='lat'>1.</span> <span class='ocrx_word' id='word_1_24' title='bbox 1187 905 1226 954; x_wconf 91' lang='grc'><strong>..2</strong></span> <span class='ocrx_word' id='word_1_25' title='bbox 1245 909 1318 953; x_wconf 89' lang='lat' dir='ltr'>curu</span> <span class='ocrx_word' id='word_1_26' title='bbox 1340 887 1455 953; x_wconf 85' lang='lat' dir='ltr'>ceteris</span> 
     </span>
     <span class='ocr_line' id='line_1_4' title="bbox 444 989 1604 1061; baseline -0.003 0"><span class='ocrx_word' id='word_1_27' title='bbox 444 998 538 1061; x_wconf 85' lang='lat' dir='ltr'><strong>codd.</strong></span> <span class='ocrx_word' id='word_1_28' title='bbox 1548 996 1551 1001; x_wconf 77' lang='grc'>’</span> <span class='ocrx_word' id='word_1_29' title='bbox 1601 989 1604 997; x_wconf 87' lang='grc'>’</span> 
     </span>
     <span class='ocr_line' id='line_1_5' title="bbox 512 1061 1590 1188; baseline -0.007 -22"><span class='ocrx_word' id='word_1_30' title='bbox 512 1098 598 1187; x_wconf 83' lang='lat' dir='ltr'>Vers.</span> <span class='ocrx_word' id='word_1_31' title='bbox 621 1119 652 1186; x_wconf 87' lang='lat'>9.</span> <span class='ocrx_word' id='word_1_32' title='bbox 678 1093 771 1170; x_wconf 78' lang='grc' dir='ltr'>0δὲ</span> <span class='ocrx_word' id='word_1_33' title='bbox 790 1096 1037 1186; x_wconf 74' lang='grc' dir='ltr'>’.Αρχίδιιμος</span> <span class='ocrx_word' id='word_1_34' title='bbox 1087 1094 1198 1187; x_wconf 86' lang='lat' dir='ltr'>Vulgo</span> <span class='ocrx_word' id='word_1_35' title='bbox 1219 1121 1330 1167; x_wconf 84' lang='lat' dir='ltr'>omnes</span> <span class='ocrx_word' id='word_1_36' title='bbox 1351 1061 1453 1188; x_wconf 80' lang='grc' dir='ltr'>Δορι</span> <span class='ocrx_word' id='word_1_37' title='bbox 1481 1101 1548 1164; x_wconf 73' lang='lat' dir='ltr'>vers</span> <span class='ocrx_word' id='word_1_38' title='bbox 1561 1116 1590 1176; x_wconf 79' lang='grc'><strong>9</strong></span> 
     </span>
     <span class='ocr_line' id='line_1_6' title="bbox 445 1209 1455 1296; baseline 0.004 -23"><span class='ocrx_word' id='word_1_39' title='bbox 445 1231 595 1292; x_wconf 77' lang='grc' dir='ltr'><strong><em>μαχος,</em></strong></span> <span class='ocrx_word' id='word_1_40' title='bbox 626 1209 948 1296; x_wconf 76' lang='grc' dir='ltr'>νεΙΔωρίμαχος,</span> <span class='ocrx_word' id='word_1_41' title='bbox 986 1210 1123 1294; x_wconf 90' lang='lat' dir='ltr'>quodh.</span> <span class='ocrx_word' id='word_1_42' title='bbox 1142 1212 1163 1274; x_wconf 89' lang='grc' dir='ltr'>Ι.</span> <span class='ocrx_word' id='word_1_43' title='bbox 1183 1210 1296 1275; x_wconf 86' lang='lat' dir='ltr'>habent</span> <span class='ocrx_word' id='word_1_44' title='bbox 1308 1212 1401 1296; x_wconf 82' lang='lat' dir='ltr'>Aug</span> <span class='ocrx_word' id='word_1_45' title='bbox 1420 1210 1455 1278; x_wconf 66' lang='grc' dir='ltr'>ἃ</span> 
     </span>
     <span class='ocr_line' id='line_1_7' title="bbox 444 1317 1454 1403; baseline 0.002 -22"><span class='ocrx_word' id='word_1_46' title='bbox 444 1317 564 1403; x_wconf 61' lang='lat' dir='ltr'>Regu</span> <span class='ocrx_word' id='word_1_47' title='bbox 533 1319 661 1383; x_wconf 87' lang='lat' dir='ltr'>A.cum</span> <span class='ocrx_word' id='word_1_48' title='bbox 674 1319 703 1385; x_wconf 83' lang='lat' dir='ltr'>V</span> <span class='ocrx_word' id='word_1_49' title='bbox 705 1332 746 1384; x_wconf 85' lang='lat' dir='ltr'>at.</span> <span class='ocrx_word' id='word_1_50' title='bbox 786 1319 962 1403; x_wconf 86' lang='lat' dir='ltr'>Equidem</span> <span class='ocrx_word' id='word_1_51' title='bbox 953 1340 985 1381; x_wconf 90' lang='lat' dir='ltr'>m</span> <span class='ocrx_word' id='word_1_52' title='bbox 999 1337 1139 1401; x_wconf 85' lang='lat' dir='ltr'>graecum</span> <span class='ocrx_word' id='word_1_53' title='bbox 1151 1332 1334 1383; x_wconf 84' lang='lat' dir='ltr'>contextum</span> <span class='ocrx_word' id='word_1_54' title='bbox 1347 1319 1454 1402; x_wconf 85' lang='lat' dir='ltr'>recepi</span> 
     </span>
     <span class='ocr_line' id='line_1_8' title="bbox 445 1423 1454 1509; baseline 0.003 -21"><span class='ocrx_word' id='word_1_55' title='bbox 445 1445 582 1501; x_wconf 87' lang='lat' dir='ltr'>nomen,</span> <span class='ocrx_word' id='word_1_56' title='bbox 604 1428 712 1509; x_wconf 92' lang='lat' dir='ltr'>quod</span> <span class='ocrx_word' id='word_1_57' title='bbox 703 1447 736 1489; x_wconf 87' lang='lat' dir='ltr'>m</span> <span class='ocrx_word' id='word_1_58' title='bbox 751 1428 844 1490; x_wconf 83' lang='lat' dir='ltr'>latina</span> <span class='ocrx_word' id='word_1_59' title='bbox 860 1423 1024 1488; x_wconf 85' lang='lat' dir='ltr'>versione</span> <span class='ocrx_word' id='word_1_60' title='bbox 1010 1445 1075 1509; x_wconf 85' lang='lat' dir='ltr'>Jarn</span> <span class='ocrx_word' id='word_1_61' title='bbox 1093 1423 1234 1509; x_wconf 87' lang='lat' dir='ltr'>posuerat</span> <span class='ocrx_word' id='word_1_62' title='bbox 1247 1424 1454 1491; x_wconf 80' lang='lat' dir='ltr'>casaubonus.</span> 
     </span>
     <span class='ocr_line' id='line_1_9' title="bbox 444 1530 1454 1617; baseline 0.001 -22"><span class='ocrx_word' id='word_1_63' title='bbox 444 1530 569 1617; x_wconf 84' lang='lat' dir='ltr'><strong>Nempe</strong></span> <span class='ocrx_word' id='word_1_64' title='bbox 582 1554 653 1597; x_wconf 88' lang='lat' dir='ltr'>curn</span> <span class='ocrx_word' id='word_1_65' title='bbox 669 1534 892 1597; x_wconf 82' lang='lat' dir='ltr'>Doriniachum</span> <span class='ocrx_word' id='word_1_66' title='bbox 906 1552 994 1609; x_wconf 85' lang='lat' dir='ltr'>eum,</span> <span class='ocrx_word' id='word_1_67' title='bbox 1016 1532 1069 1616; x_wconf 92' lang='lat' dir='ltr'>qui</span> <span class='ocrx_word' id='word_1_68' title='bbox 1083 1533 1162 1595; x_wconf 88' lang='lat' dir='ltr'>inter</span> <span class='ocrx_word' id='word_1_69' title='bbox 1174 1532 1266 1616; x_wconf 87' lang='lat' dir='ltr'>hujus</span> <span class='ocrx_word' id='word_1_70' title='bbox 1283 1534 1454 1617; x_wconf 81' lang='lat' dir='ltr'>expeditio·</span> 
     </span>
     <span class='ocr_line' id='line_1_10' title="bbox 444 1637 1455 1722; baseline 0.002 -19"><span class='ocrx_word' id='word_1_71' title='bbox 444 1640 494 1703; x_wconf 86' lang='lat' dir='ltr'>uis</span> <span class='ocrx_word' id='word_1_72' title='bbox 509 1637 654 1703; x_wconf 66' lang='lat' dir='ltr'>auctores</span> <span class='ocrx_word' id='word_1_73' title='bbox 668 1641 741 1717; x_wconf 90' lang='lat' dir='ltr'>suit,</span> <span class='ocrx_word' id='word_1_74' title='bbox 754 1639 852 1722; x_wconf 61' lang='lat' dir='ltr'>(cap.</span> <span class='ocrx_word' id='word_1_75' title='bbox 869 1656 918 1720; x_wconf 78' lang='lat'>57,</span> <span class='ocrx_word' id='word_1_76' title='bbox 930 1657 948 1703; x_wconf 93' lang='lat'>2</span> <span class='ocrx_word' id='word_1_77' title='bbox 959 1638 1043 1722; x_wconf 86' lang='lat' dir='ltr'><strong>sqq.)</strong></span> <span class='ocrx_word' id='word_1_78' title='bbox 1063 1640 1148 1704; x_wconf 83' lang='lat' dir='ltr'>nullu</span> <span class='ocrx_word' id='word_1_79' title='bbox 1168 1642 1263 1703; x_wconf 88' lang='lat' dir='ltr'>modo</span> <span class='ocrx_word' id='word_1_80' title='bbox 1284 1640 1455 1705; x_wconf 77' lang='lat' dir='ltr'>distinxerit</span> 
     </span>
     <span class='ocr_line' id='line_1_11' title="bbox 444 1743 1453 1830; baseline 0.004 -22"><span class='ocrx_word' id='word_1_81' title='bbox 444 1743 597 1829; x_wconf 86' lang='lat' dir='ltr'><strong>Polybius</strong></span> <span class='ocrx_word' id='word_1_82' title='bbox 612 1749 648 1811; x_wconf 88' lang='lat' dir='ltr'>ab</span> <span class='ocrx_word' id='word_1_83' title='bbox 663 1769 720 1823; x_wconf 91' lang='lat' dir='ltr'>eo,</span> <span class='ocrx_word' id='word_1_84' title='bbox 750 1749 801 1829; x_wconf 87' lang='lat' dir='ltr'>qui</span> <span class='ocrx_word' id='word_1_85' title='bbox 817 1767 882 1827; x_wconf 82' lang='lat' dir='ltr'>cup.</span> <span class='ocrx_word' id='word_1_86' title='bbox 900 1764 916 1827; x_wconf 89' lang='lat'><em>3</em></span> <span class='ocrx_word' id='word_1_87' title='bbox 932 1745 965 1810; x_wconf 81' lang='lat' dir='ltr'>dt</span> <span class='ocrx_word' id='word_1_88' title='bbox 981 1747 1061 1830; x_wconf 87' lang='lat' dir='ltr'><strong>seqq.</strong></span> <span class='ocrx_word' id='word_1_89' title='bbox 1079 1745 1190 1830; x_wconf 84' lang='lat' dir='ltr'>saepius</span> <span class='ocrx_word' id='word_1_90' title='bbox 1206 1746 1251 1811; x_wconf 85' lang='lat' dir='ltr'>est</span> <span class='ocrx_word' id='word_1_91' title='bbox 1262 1766 1453 1812; x_wconf 87' lang='lat' dir='ltr'>commemo·</span> 
     </span>
     <span class='ocr_line' id='line_1_12' title="bbox 444 1854 1453 1931; baseline 0.004 -15"><span class='ocrx_word' id='word_1_92' title='bbox 444 1865 552 1931; x_wconf 81' lang='lat' dir='ltr'>ratus3</span> <span class='ocrx_word' id='word_1_93' title='bbox 581 1858 630 1918; x_wconf 81' lang='lat' dir='ltr'>vix</span> <span class='ocrx_word' id='word_1_94' title='bbox 647 1856 777 1918; x_wconf 89' lang='lat' dir='ltr'>dubitari</span> <span class='ocrx_word' id='word_1_95' title='bbox 790 1854 899 1929; x_wconf 81' lang='lat' dir='ltr'>debet,</span> <span class='ocrx_word' id='word_1_96' title='bbox 922 1856 1066 1923; x_wconf 81' lang='lat' dir='ltr'>eumdem</span> <span class='ocrx_word' id='word_1_97' title='bbox 1083 1854 1169 1918; x_wconf 84' lang='lat' dir='ltr'>fuisi&#39;e</span> <span class='ocrx_word' id='word_1_98' title='bbox 1183 1854 1352 1919; x_wconf 85' lang='lat' dir='ltr'>hominem.</span> <span class='ocrx_word' id='word_1_99' title='bbox 1394 1854 1453 1921; x_wconf 79' lang='lat' dir='ltr'>At·</span> 
     </span>
     <span class='ocr_line' id='line_1_13' title="bbox 444 1955 1526 2045; baseline 0.002 -20"><span class='ocrx_word' id='word_1_100' title='bbox 444 1980 507 2045; x_wconf 88' lang='lat' dir='ltr'>que</span> <span class='ocrx_word' id='word_1_101' title='bbox 522 1962 605 2026; x_wconf 86' lang='lat' dir='ltr'>idem</span> <span class='ocrx_word' id='word_1_102' title='bbox 620 1962 687 2045; x_wconf 88' lang='lat' dir='ltr'>post</span> <span class='ocrx_word' id='word_1_103' title='bbox 700 1963 779 2023; x_wconf 85' lang='lat' dir='ltr'>hanc</span> <span class='ocrx_word' id='word_1_104' title='bbox 794 1962 1027 2042; x_wconf 80' lang='lat' dir='ltr'>expeditionem</span> <span class='ocrx_word' id='word_1_105' title='bbox 1046 1962 1216 2024; x_wconf 80' lang='lat' dir='ltr'>etiamnum</span> <span class='ocrx_word' id='word_1_106' title='bbox 1233 1963 1322 2027; x_wconf 87' lang='lat' dir='ltr'>vivus</span> <span class='ocrx_word' id='word_1_107' title='bbox 1336 1963 1454 2027; x_wconf 86' lang='lat' dir='ltr'>induci·</span> <span class='ocrx_word' id='word_1_108' title='bbox 1523 1955 1526 1960; x_wconf 57' lang='grc'>’</span> 
     </span>
     <span class='ocr_line' id='line_1_14' title="bbox 445 2057 1550 2154; baseline 0.005 -23"><span class='ocrx_word' id='word_1_109' title='bbox 445 2077 513 2138; x_wconf 85' lang='lat' dir='ltr'>tur,</span> <span class='ocrx_word' id='word_1_110' title='bbox 545 2057 664 2152; x_wconf 79' lang='lat' dir='ltr'>praetor</span> <span class='ocrx_word' id='word_1_111' title='bbox 685 2070 886 2143; x_wconf 81' lang='lat' dir='ltr'>Aetoiorum‚</span> <span class='ocrx_word' id='word_1_112' title='bbox 923 2086 990 2151; x_wconf 86' lang='lat' dir='ltr'>cap.</span> <span class='ocrx_word' id='word_1_113' title='bbox 1010 2081 1058 2148; x_wconf 84' lang='lat'>57.</span> <span class='ocrx_word' id='word_1_114' title='bbox 1085 2064 1121 2131; x_wconf 80' lang='lat' dir='ltr'>de</span> <span class='ocrx_word' id='word_1_115' title='bbox 1144 2088 1194 2133; x_wconf 83' lang='lat' dir='ltr'>res</span> <span class='ocrx_word' id='word_1_116' title='bbox 1219 2090 1347 2154; x_wconf 82' lang='lat' dir='ltr'>magnas</span> <span class='ocrx_word' id='word_1_117' title='bbox 1370 2071 1453 2136; x_wconf 85' lang='lat' dir='ltr'>inter</span> <span class='ocrx_word' id='word_1_118' title='bbox 1543 2083 1550 2098; x_wconf 74' lang='lat'>⁸</span> 
     </span>
     <span class='ocr_line' id='line_1_15' title="bbox 444 2169 1452 2262; baseline 0.002 -24"><span class='ocrx_word' id='word_1_119' title='bbox 444 2174 583 2239; x_wconf 85' lang='lat' dir='ltr'>Aetolos</span> <span class='ocrx_word' id='word_1_120' title='bbox 596 2197 727 2259; x_wconf 86' lang='lat' dir='ltr'>gerens,</span> <span class='ocrx_word' id='word_1_121' title='bbox 750 2195 815 2259; x_wconf 82' lang='lat' dir='ltr'>cap.</span> <span class='ocrx_word' id='word_1_122' title='bbox 830 2193 882 2257; x_wconf 87' lang='grc'><strong>77.</strong></span> <span class='ocrx_word' id='word_1_123' title='bbox 903 2169 944 2238; x_wconf 95' lang='lat' dir='ltr'>V.</span> <span class='ocrx_word' id='word_1_124' title='bbox 964 2193 989 2236; x_wconf 87' lang='lat'>1.</span> <span class='ocrx_word' id='word_1_125' title='bbox 1004 2171 1068 2237; x_wconf 73' lang='lat' dir='ltr'>dcc.</span> <span class='ocrx_word' id='word_1_126' title='bbox 1114 2172 1334 2240; x_wconf 75' lang='lat' dir='ltr'>Archidamum</span> <span class='ocrx_word' id='word_1_127' title='bbox 1352 2176 1452 2262; x_wconf 78' lang='lat' dir='ltr'>supra,</span> 
     </span>
     <span class='ocr_line' id='line_1_16' title="bbox 444 2278 1452 2366; baseline 0.004 -21"><span class='ocrx_word' id='word_1_128' title='bbox 444 2302 510 2366; x_wconf 90' lang='lat' dir='ltr'>cap.</span> <span class='ocrx_word' id='word_1_129' title='bbox 520 2298 571 2364; x_wconf 79' lang='grc'>57,</span> <span class='ocrx_word' id='word_1_130' title='bbox 582 2299 612 2365; x_wconf 89' lang='grc'>7.</span> <span class='ocrx_word' id='word_1_131' title='bbox 626 2304 685 2345; x_wconf 88' lang='lat' dir='ltr'>una</span> <span class='ocrx_word' id='word_1_132' title='bbox 700 2304 770 2346; x_wconf 90' lang='lat' dir='ltr'>cum</span> <span class='ocrx_word' id='word_1_133' title='bbox 784 2283 963 2345; x_wconf 81' lang='lat' dir='ltr'>Alexandro</span> <span class='ocrx_word' id='word_1_134' title='bbox 977 2278 1010 2345; x_wconf 71' lang='grc' dir='ltr'>ἃ</span> <span class='ocrx_word' id='word_1_135' title='bbox 1024 2282 1213 2345; x_wconf 87' lang='lat' dir='ltr'>Dorimacho</span> <span class='ocrx_word' id='word_1_136' title='bbox 1228 2286 1452 2350; x_wconf 76' lang='lat' dir='ltr'>nominaverat.</span> 
     </span>
     <span class='ocr_line' id='line_1_17' title="bbox 444 2389 1450 2474; baseline 0.003 -21"><span class='ocrx_word' id='word_1_137' title='bbox 444 2389 475 2454; x_wconf 88' lang='lat' dir='ltr'>Si</span> <span class='ocrx_word' id='word_1_138' title='bbox 490 2392 563 2473; x_wconf 87' lang='lat' dir='ltr'>quis</span> <span class='ocrx_word' id='word_1_139' title='bbox 577 2402 680 2454; x_wconf 81' lang='lat' dir='ltr'>tamen</span> <span class='ocrx_word' id='word_1_140' title='bbox 696 2404 823 2473; x_wconf 79' lang='lat' dir='ltr'>arguat,</span> <span class='ocrx_word' id='word_1_141' title='bbox 845 2389 989 2451; x_wconf 82' lang='lat' dir='ltr'>audacius</span> <span class='ocrx_word' id='word_1_142' title='bbox 1005 2409 1023 2450; x_wconf 88' lang='lat' dir='ltr'>a</span> <span class='ocrx_word' id='word_1_143' title='bbox 1037 2390 1127 2451; x_wconf 90' lang='lat' dir='ltr'>nobis</span> <span class='ocrx_word' id='word_1_144' title='bbox 1143 2389 1203 2452; x_wconf 86' lang='lat' dir='ltr'>ess&#39;e</span> <span class='ocrx_word' id='word_1_145' title='bbox 1217 2389 1343 2463; x_wconf 76' lang='lat' dir='ltr'>fastum,</span> <span class='ocrx_word' id='word_1_146' title='bbox 1365 2391 1450 2474; x_wconf 84' lang='lat' dir='ltr'>quod</span> 
     </span>
     <span class='ocr_line' id='line_1_18' title="bbox 443 2493 1449 2590; baseline 0.001 -30"><span class='ocrx_word' id='word_1_147' title='bbox 443 2499 690 2561; x_wconf 84' lang='lat' dir='ltr'>consentientem</span> <span class='ocrx_word' id='word_1_148' title='bbox 698 2498 841 2559; x_wconf 88' lang='lat' dir='ltr'>codicum</span> <span class='ocrx_word' id='word_1_149' title='bbox 855 2497 994 2557; x_wconf 87' lang='lat' dir='ltr'>omnium</span> <span class='ocrx_word' id='word_1_150' title='bbox 1004 2493 1181 2590; x_wconf 75' lang='lat' dir='ltr'>scripturam</span> <span class='ocrx_word' id='word_1_151' title='bbox 1197 2518 1236 2559; x_wconf 86' lang='lat' dir='ltr'>ex</span> <span class='ocrx_word' id='word_1_152' title='bbox 1248 2498 1449 2582; x_wconf 79' lang='lat' dir='ltr'>irremconje·</span> 
     </span>
     <span class='ocr_line' id='line_1_19' title="bbox 444 2602 1450 2684; baseline 0 -15"><span class='ocrx_word' id='word_1_153' title='bbox 444 2602 529 2669; x_wconf 70' lang='lat' dir='ltr'>stura</span> <span class='ocrx_word' id='word_1_154' title='bbox 549 2604 795 2677; x_wconf 79' lang='lat' dir='ltr'>eliminavimus,</span> <span class='ocrx_word' id='word_1_155' title='bbox 824 2621 918 2684; x_wconf 90' lang='lat' dir='ltr'>quum</span> <span class='ocrx_word' id='word_1_156' title='bbox 934 2602 1100 2684; x_wconf 84' lang='lat' dir='ltr'>praesertirn</span> <span class='ocrx_word' id='word_1_157' title='bbox 1118 2603 1193 2666; x_wconf 90' lang='lat' dir='ltr'>nihil</span> <span class='ocrx_word' id='word_1_158' title='bbox 1208 2606 1374 2668; x_wconf 87' lang='lat' dir='ltr'>admodum</span> <span class='ocrx_word' id='word_1_159' title='bbox 1391 2606 1450 2669; x_wconf 82' lang='lat' dir='ltr'>im·</span> 
     </span>
     <span class='ocr_line' id='line_1_20' title="bbox 445 2706 1449 2798; baseline -0.003 -21"><span class='ocrx_word' id='word_1_160' title='bbox 445 2716 566 2798; x_wconf 89' lang='lat' dir='ltr'>pediat,</span> <span class='ocrx_word' id='word_1_161' title='bbox 588 2713 663 2795; x_wconf 89' lang='lat' dir='ltr'>quin</span> <span class='ocrx_word' id='word_1_162' title='bbox 676 2709 814 2773; x_wconf 85' lang='lat' dir='ltr'>diversus</span> <span class='ocrx_word' id='word_1_163' title='bbox 828 2708 888 2772; x_wconf 81' lang='lat' dir='ltr'>ess&#39;e</span> <span class='ocrx_word' id='word_1_164' title='bbox 909 2710 1046 2790; x_wconf 85' lang='lat' dir='ltr'>potuerit</span> <span class='ocrx_word' id='word_1_165' title='bbox 1060 2709 1111 2771; x_wconf 89' lang='lat' dir='ltr'>hic</span> <span class='ocrx_word' id='word_1_166' title='bbox 1126 2706 1330 2774; x_wconf 77' lang='lat' dir='ltr'>Dorimachus</span> <span class='ocrx_word' id='word_1_167' title='bbox 1346 2713 1383 2774; x_wconf 86' lang='lat' dir='ltr'>ab</span> <span class='ocrx_word' id='word_1_168' title='bbox 1398 2731 1449 2789; x_wconf 85' lang='lat' dir='ltr'>eo,</span> 
     </span>
     <span class='ocr_line' id='line_1_21' title="bbox 400 2814 1450 2910; baseline -0.003 -26"><span class='ocrx_word' id='word_1_169' title='bbox 400 2893 403 2910; x_wconf 47' lang='grc' dir='ltr'>Ι</span> <span class='ocrx_word' id='word_1_170' title='bbox 446 2823 535 2904; x_wconf 87' lang='lat' dir='ltr'>cujus</span> <span class='ocrx_word' id='word_1_171' title='bbox 552 2832 624 2883; x_wconf 88' lang='lat' dir='ltr'>ante</span> <span class='ocrx_word' id='word_1_172' title='bbox 644 2817 676 2881; x_wconf 76' lang='lat' dir='ltr'>dt</span> <span class='ocrx_word' id='word_1_173' title='bbox 692 2816 759 2899; x_wconf 89' lang='lat' dir='ltr'>post</span> <span class='ocrx_word' id='word_1_174' title='bbox 775 2814 962 2890; x_wconf 83' lang='lat' dir='ltr'>iitmenti03</span> <span class='ocrx_word' id='word_1_175' title='bbox 990 2836 1053 2878; x_wconf 91' lang='lat' dir='ltr'>uon</span> <span class='ocrx_word' id='word_1_176' title='bbox 1075 2817 1188 2881; x_wconf 88' lang='lat' dir='ltr'>ibimus</span> <span class='ocrx_word' id='word_1_177' title='bbox 1208 2817 1347 2894; x_wconf 83' lang='lat' dir='ltr'>inficias,</span> <span class='ocrx_word' id='word_1_178' title='bbox 1378 2837 1450 2881; x_wconf 89' lang='lat' dir='ltr'>cau·</span> 
     </span>
     <span class='ocr_line' id='line_1_22' title="bbox 399 2922 1450 3002; baseline -0.001 -10"><span class='ocrx_word' id='word_1_179' title='bbox 399 2923 405 2956; x_wconf 88' lang='lat'>·&#39;</span> <span class='ocrx_word' id='word_1_180' title='bbox 446 2930 507 2993; x_wconf 89' lang='lat' dir='ltr'>tius</span> <span class='ocrx_word' id='word_1_181' title='bbox 523 2925 663 2991; x_wconf 75' lang='lat' dir='ltr'>sutiuros</span> <span class='ocrx_word' id='word_1_182' title='bbox 681 2945 739 2987; x_wconf 90' lang='lat' dir='ltr'>nos</span> <span class='ocrx_word' id='word_1_183' title='bbox 757 2922 859 3002; x_wconf 78' lang='lat' dir='ltr'>fuisse,</span> <span class='ocrx_word' id='word_1_184' title='bbox 881 2922 901 2983; x_wconf 85' lang='lat' dir='ltr'>ii</span> <span class='ocrx_word' id='word_1_185' title='bbox 918 2922 1132 2992; x_wconf 82' lang='lat' dir='ltr'>dubitationem</span> <span class='ocrx_word' id='word_1_186' title='bbox 1148 2924 1328 2990; x_wconf 87' lang='lat' dir='ltr'>nostram&amp;</span> <span class='ocrx_word' id='word_1_187' title='bbox 1342 2923 1450 2991; x_wconf 75' lang='lat' dir='ltr'>Casan·</span> 
     </span>
     <span class='ocr_line' id='line_1_23' title="bbox 400 3019 1530 3115; baseline -0.004 -17"><span class='ocrx_word' id='word_1_188' title='bbox 400 3073 404 3110; x_wconf 85' lang='grc'>;</span> <span class='ocrx_word' id='word_1_189' title='bbox 446 3035 520 3098; x_wconf 90' lang='lat' dir='ltr'>boni</span> <span class='ocrx_word' id='word_1_190' title='bbox 534 3033 571 3097; x_wconf 78' lang='lat' dir='ltr'>dr</span> <span class='ocrx_word' id='word_1_191' title='bbox 585 3028 771 3097; x_wconf 78' lang='lat' dir='ltr'>Dorimacho</span> <span class='ocrx_word' id='word_1_192' title='bbox 787 3051 862 3094; x_wconf 83' lang='lat' dir='ltr'>nuuc</span> <span class='ocrx_word' id='word_1_193' title='bbox 875 3026 964 3113; x_wconf 73' lang='lat' dir='ltr'>accub</span> <span class='ocrx_word' id='word_1_194' title='bbox 979 3032 1011 3093; x_wconf 91' lang='lat' dir='ltr'>in</span> <span class='ocrx_word' id='word_1_195' title='bbox 1027 3031 1142 3094; x_wconf 83' lang='lat' dir='ltr'>scholio</span> <span class='ocrx_word' id='word_1_196' title='bbox 1157 3032 1356 3115; x_wconf 80' lang='lat' dir='ltr'>posuissemus</span> <span class='ocrx_word' id='word_1_197' title='bbox 1365 3074 1374 3109; x_wconf 87' lang='lat'>‚</span> <span class='ocrx_word' id='word_1_198' title='bbox 1398 3051 1452 3096; x_wconf 84' lang='lat' dir='ltr'>co·</span> <span class='ocrx_word' id='word_1_199' title='bbox 1479 3107 1484 3114; x_wconf 30' lang='grc' dir='ltr'>Ι</span> <span class='ocrx_word' id='word_1_200' title='bbox 1525 3019 1530 3029; x_wconf 72' lang='grc'>’</span> 
     </span>
     <span class='ocr_line' id='line_1_24' title="bbox 400 3127 1549 3226; baseline -0.002 -21"><span class='ocrx_word' id='word_1_201' title='bbox 400 3127 404 3226; x_wconf 59' lang='lat' dir='ltr'>f</span> <span class='ocrx_word' id='word_1_202' title='bbox 446 3144 553 3205; x_wconf 86' lang='lat' dir='ltr'>oicum</span> <span class='ocrx_word' id='word_1_203' title='bbox 575 3140 756 3223; x_wconf 78' lang='lat' dir='ltr'>scripturam</span> <span class='ocrx_word' id='word_1_204' title='bbox 774 3140 807 3201; x_wconf 89' lang='lat' dir='ltr'>in</span> <span class='ocrx_word' id='word_1_205' title='bbox 830 3148 979 3200; x_wconf 76' lang='lat' dir='ltr'>contextu</span> <span class='ocrx_word' id='word_1_206' title='bbox 1002 3137 1167 3201; x_wconf 81' lang='lat' dir='ltr'>servantes.</span> <span class='ocrx_word' id='word_1_207' title='bbox 1210 3139 1270 3203; x_wconf 87' lang='lat' dir='ltr'>Sed</span> <span class='ocrx_word' id='word_1_208' title='bbox 1295 3160 1368 3203; x_wconf 89' lang='lat' dir='ltr'>cum</span> <span class='ocrx_word' id='word_1_209' title='bbox 1389 3138 1452 3203; x_wconf 79' lang='lat' dir='ltr'>hou</span> <span class='ocrx_word' id='word_1_210' title='bbox 1535 3129 1549 3211; x_wconf 63' lang='lat' dir='ltr'><em>J</em></span> 
     </span>
     <span class='ocr_line' id='line_1_25' title="bbox 400 3233 1453 3336; baseline -0.003 -23"><span class='ocrx_word' id='word_1_211' title='bbox 400 3233 406 3264; x_wconf 71' lang='lat'><strong>¹</strong></span> <span class='ocrx_word' id='word_1_212' title='bbox 446 3248 538 3326; x_wconf 91' lang='lat' dir='ltr'>loco,</span> <span class='ocrx_word' id='word_1_213' title='bbox 559 3256 626 3311; x_wconf 86' lang='lat' dir='ltr'>tum</span> <span class='ocrx_word' id='word_1_214' title='bbox 640 3246 729 3320; x_wconf 81' lang='lat' dir='ltr'>alias,</span> <span class='ocrx_word' id='word_1_215' title='bbox 757 3244 997 3307; x_wconf 81' lang='lat' dir='ltr'>noneliminutus</span> <span class='ocrx_word' id='word_1_216' title='bbox 1010 3242 1136 3326; x_wconf 76' lang='lat' dir='ltr'>prorsus</span> <span class='ocrx_word' id='word_1_217' title='bbox 1149 3260 1169 3310; x_wconf 82' lang='lat' dir='ltr'><em>a</em></span> <span class='ocrx_word' id='word_1_218' title='bbox 1182 3245 1266 3309; x_wconf 83' lang='lat' dir='ltr'>nobis</span> <span class='ocrx_word' id='word_1_219' title='bbox 1286 3248 1386 3336; x_wconf 89' lang='lat' dir='ltr'>putari</span> <span class='ocrx_word' id='word_1_220' title='bbox 1400 3265 1453 3313; x_wconf 88' lang='lat' dir='ltr'>ve·</span> 
     </span>
     <span class='ocr_line' id='line_1_26' title="bbox 446 3347 1452 3437; baseline -0.001 -18"><span class='ocrx_word' id='word_1_221' title='bbox 446 3355 502 3419; x_wconf 90' lang='lat' dir='ltr'>lim</span> <span class='ocrx_word' id='word_1_222' title='bbox 516 3375 571 3419; x_wconf 81' lang='lat' dir='ltr'>eus</span> <span class='ocrx_word' id='word_1_223' title='bbox 585 3351 751 3429; x_wconf 59' lang='lat' dir='ltr'>ludiones,</span> <span class='ocrx_word' id='word_1_224' title='bbox 777 3370 855 3435; x_wconf 85' lang='lat' dir='ltr'>quus</span> <span class='ocrx_word' id='word_1_225' title='bbox 877 3353 908 3414; x_wconf 83' lang='lat' dir='ltr'>in</span> <span class='ocrx_word' id='word_1_226' title='bbox 919 3347 1063 3435; x_wconf 79' lang='lat' dir='ltr'>scholio</span> <span class='ocrx_word' id='word_1_227' title='bbox 1052 3372 1090 3434; x_wconf 87' lang='lat' dir='ltr'>m</span> <span class='ocrx_word' id='word_1_228' title='bbox 1085 3349 1135 3415; x_wconf 86' lang='lat' dir='ltr'>ru</span> <span class='ocrx_word' id='word_1_229' title='bbox 1156 3351 1336 3417; x_wconf 80' lang='lat' dir='ltr'>Coutrxtum</span> <span class='ocrx_word' id='word_1_230' title='bbox 1354 3349 1452 3437; x_wconf 68' lang='lat' dir='ltr'>perfui</span> 
     </span>
     <span class='ocr_line' id='line_1_27' title="bbox 400 3458 1453 3546; baseline -0.004 -19"><span class='ocrx_word' id='word_1_231' title='bbox 400 3475 401 3482; x_wconf 75' lang='grc'>’</span> <span class='ocrx_word' id='word_1_232' title='bbox 447 3483 526 3527; x_wconf 80' lang='lat' dir='ltr'>mus.</span> <span class='ocrx_word' id='word_1_233' title='bbox 567 3459 651 3538; x_wconf 90' lang='lat' dir='ltr'>Quin</span> <span class='ocrx_word' id='word_1_234' title='bbox 665 3463 780 3546; x_wconf 86' lang='lat' dir='ltr'>potius,</span> <span class='ocrx_word' id='word_1_235' title='bbox 801 3462 901 3545; x_wconf 76' lang='lat' dir='ltr'>(quod</span> <span class='ocrx_word' id='word_1_236' title='bbox 917 3458 973 3523; x_wconf 87' lang='lat'><strong>&amp;</strong></span> <span class='ocrx_word' id='word_1_237' title='bbox 965 3481 996 3523; x_wconf 91' lang='lat' dir='ltr'>m</span> <span class='ocrx_word' id='word_1_238' title='bbox 1011 3459 1096 3523; x_wconf 85' lang='lat' dir='ltr'>Praef</span> <span class='ocrx_word' id='word_1_239' title='bbox 1092 3475 1195 3521; x_wconf 82' lang='lat' dir='ltr'>atione</span> <span class='ocrx_word' id='word_1_240' title='bbox 1208 3460 1453 3542; x_wconf 75' lang='lat' dir='ltr'>declaravimus)</span> 
     </span>
     <span class='ocr_line' id='line_1_28' title="bbox 440 3561 1456 3654; baseline -0.003 -20"><span class='ocrx_word' id='word_1_241' title='bbox 440 3564 596 3654; x_wconf 67' lang='lat' dir='ltr'>quoniam</span> <span class='ocrx_word' id='word_1_242' title='bbox 611 3589 675 3632; x_wconf 90' lang='lat' dir='ltr'>non</span> <span class='ocrx_word' id='word_1_243' title='bbox 688 3582 857 3653; x_wconf 82' lang='lat' dir='ltr'>potuerunt</span> <span class='ocrx_word' id='word_1_244' title='bbox 871 3568 942 3631; x_wconf 84' lang='lat' dir='ltr'>duae</span> <span class='ocrx_word' id='word_1_245' title='bbox 958 3564 1168 3630; x_wconf 81' lang='lat' dir='ltr'>dissentientes</span> <span class='ocrx_word' id='word_1_246' title='bbox 1185 3561 1344 3649; x_wconf 67' lang='lat' dir='ltr'>scriptura</span> <span class='ocrx_word' id='word_1_247' title='bbox 1365 3564 1456 3631; x_wconf 83' lang='lat' dir='ltr'>simul</span> 
     </span>
     <span class='ocr_line' id='line_1_29' title="bbox 448 3670 1474 3758; baseline -0.003 -18"><span class='ocrx_word' id='word_1_248' title='bbox 448 3676 482 3741; x_wconf 91' lang='lat' dir='ltr'>in</span> <span class='ocrx_word' id='word_1_249' title='bbox 498 3675 688 3740; x_wconf 75' lang='lat' dir='ltr'>Contentum</span> <span class='ocrx_word' id='word_1_250' title='bbox 705 3675 820 3758; x_wconf 88' lang='lat' dir='ltr'>recipi,</span> <span class='ocrx_word' id='word_1_251' title='bbox 841 3676 903 3738; x_wconf 92' lang='lat' dir='ltr'>hoc</span> <span class='ocrx_word' id='word_1_252' title='bbox 915 3674 979 3757; x_wconf 89' lang='lat' dir='ltr'>ipso</span> <span class='ocrx_word' id='word_1_253' title='bbox 992 3671 1118 3737; x_wconf 82' lang='lat' dir='ltr'>consilio</span> <span class='ocrx_word' id='word_1_254' title='bbox 1131 3670 1299 3751; x_wconf 69' lang='lat' dir='ltr'>teutones,</span> <span class='ocrx_word' id='word_1_255' title='bbox 1317 3696 1335 3738; x_wconf 87' lang='lat' dir='ltr'>u</span> <span class='ocrx_word' id='word_1_256' title='bbox 1349 3675 1454 3739; x_wconf 89' lang='lat' dir='ltr'>nostro</span> <span class='ocrx_word' id='word_1_257' title='bbox 1468 3699 1474 3730; x_wconf 72' lang='grc' dir='ltr'>ι</span> 
     </span>
     <span class='ocr_line' id='line_1_30' title="bbox 451 3781 1487 3868; baseline 0 -22"><span class='ocrx_word' id='word_1_258' title='bbox 451 3795 602 3846; x_wconf 85' lang='lat' dir='ltr'>contextu</span> <span class='ocrx_word' id='word_1_259' title='bbox 617 3784 836 3866; x_wconf 54' lang='lat' dir='ltr'>discrepantem</span> <span class='ocrx_word' id='word_1_260' title='bbox 845 3801 905 3845; x_wconf 90' lang='lat' dir='ltr'>una</span> <span class='ocrx_word' id='word_1_261' title='bbox 921 3781 1063 3858; x_wconf 76' lang='lat' dir='ltr'>cumeis,</span> <span class='ocrx_word' id='word_1_262' title='bbox 1086 3799 1157 3864; x_wconf 83' lang='lat' dir='ltr'>quae</span> <span class='ocrx_word' id='word_1_263' title='bbox 1172 3782 1487 3868; x_wconf 79' lang='lat' dir='ltr'>anobisadoptatae</span> <span class='ocrx_word' id='word_1_264' title='bbox 1471 3843 1479 3852; x_wconf 75' lang='grc'>,,</span> 
     </span>
     <span class='ocr_line' id='line_1_31' title="bbox 449 3885 1457 3974; baseline -0.001 -21"><span class='ocrx_word' id='word_1_265' title='bbox 449 3890 528 3965; x_wconf 85' lang='lat' dir='ltr'>sunt,</span> <span class='ocrx_word' id='word_1_266' title='bbox 551 3890 651 3954; x_wconf 86' lang='lat' dir='ltr'>oculis</span> <span class='ocrx_word' id='word_1_267' title='bbox 666 3887 812 3972; x_wconf 67' lang='lat' dir='ltr'>sunjeins</span> <span class='ocrx_word' id='word_1_268' title='bbox 827 3885 993 3953; x_wconf 73' lang='lat' dir='ltr'>tetrorum</span> <span class='ocrx_word' id='word_1_269' title='bbox 1006 3888 1173 3967; x_wconf 75' lang='lat' dir='ltr'>voluimus,</span> <span class='ocrx_word' id='word_1_270' title='bbox 1192 3901 1228 3954; x_wconf 91' lang='lat' dir='ltr'>ut</span> <span class='ocrx_word' id='word_1_271' title='bbox 1241 3909 1337 3974; x_wconf 75' lang='lat' dir='ltr'>penes</span> <span class='ocrx_word' id='word_1_272' title='bbox 1349 3907 1457 3971; x_wconf 89' lang='lat' dir='ltr'>quem</span> 
     </span>
     <span class='ocr_line' id='line_1_32' title="bbox 449 3994 1455 4081; baseline -0.001 -22"><span class='ocrx_word' id='word_1_273' title='bbox 449 4017 512 4080; x_wconf 87' lang='lat' dir='ltr'>que</span> <span class='ocrx_word' id='word_1_274' title='bbox 533 3994 607 4061; x_wconf 87' lang='lat' dir='ltr'>esset</span> <span class='ocrx_word' id='word_1_275' title='bbox 628 3997 729 4081; x_wconf 85' lang='lat' dir='ltr'>potest</span> <span class='ocrx_word' id='word_1_276' title='bbox 729 4018 782 4075; x_wconf 88' lang='lat' dir='ltr'>as,</span> <span class='ocrx_word' id='word_1_277' title='bbox 807 4018 875 4058; x_wconf 83' lang='lat' dir='ltr'>eam</span> <span class='ocrx_word' id='word_1_278' title='bbox 891 3995 1039 4079; x_wconf 86' lang='lat' dir='ltr'>seligendi</span> <span class='ocrx_word' id='word_1_279' title='bbox 1055 3996 1243 4081; x_wconf 82' lang='lat' dir='ltr'>terrendique</span> <span class='ocrx_word' id='word_1_280' title='bbox 1257 4011 1328 4081; x_wconf 78' lang='lat' dir='ltr'>quae</span> <span class='ocrx_word' id='word_1_281' title='bbox 1342 3997 1455 4079; x_wconf 80' lang='lat' dir='ltr'>cuique</span> 
     </span>
     <span class='ocr_line' id='line_1_33' title="bbox 448 4100 962 4186; baseline -0.012 -17"><span class='ocrx_word' id='word_1_282' title='bbox 448 4104 586 4169; x_wconf 83' lang='lat' dir='ltr'>maxime</span> <span class='ocrx_word' id='word_1_283' title='bbox 599 4103 765 4186; x_wconf 82' lang='lat' dir='ltr'>probabilis</span> <span class='ocrx_word' id='word_1_284' title='bbox 779 4101 839 4166; x_wconf 86' lang='lat' dir='ltr'>visa</span> <span class='ocrx_word' id='word_1_285' title='bbox 854 4100 962 4164; x_wconf 87' lang='lat' dir='ltr'>fuiss&#39;et.</span> 
     </span>
     <span class='ocr_line' id='line_1_34' title="bbox 519 4195 1608 4293; baseline 0.003 -20"><span class='ocrx_word' id='word_1_286' title='bbox 519 4207 605 4293; x_wconf 84' lang='lat' dir='ltr'>Vers.</span> <span class='ocrx_word' id='word_1_287' title='bbox 625 4230 672 4274; x_wconf 84' lang='grc' dir='ltr'>ιι.</span> <span class='ocrx_word' id='word_1_288' title='bbox 695 4203 730 4273; x_wconf 78' lang='lat' dir='ltr'>ri</span> <span class='ocrx_word' id='word_1_289' title='bbox 751 4210 783 4272; x_wconf 80' lang='lat' dir='ltr'>u</span> <span class='ocrx_word' id='word_1_290' title='bbox 803 4202 852 4291; x_wconf 64' lang='lat' dir='ltr'>uui</span> <span class='ocrx_word' id='word_1_291' title='bbox 877 4195 1079 4271; x_wconf 64' lang='lat' dir='ltr'>diotudsa.</span> <span class='ocrx_word' id='word_1_292' title='bbox 1130 4202 1218 4272; x_wconf 84' lang='lat' dir='ltr'>Licet</span> <span class='ocrx_word' id='word_1_293' title='bbox 1238 4200 1366 4274; x_wconf 82' lang='lat' dir='ltr'>aiteram</span> <span class='ocrx_word' id='word_1_294' title='bbox 1386 4200 1457 4273; x_wconf 84' lang='lat' dir='ltr'>scri·</span> <span class='ocrx_word' id='word_1_295' title='bbox 1479 4208 1552 4276; x_wconf 71' lang='lat' dir='ltr'>tut</span> <span class='ocrx_word' id='word_1_296' title='bbox 1567 4223 1608 4276; x_wconf 83' lang='grc' dir='ltr'>ιι.</span> 
     </span>
     <span class='ocr_line' id='line_1_35' title="bbox 425 4314 1459 4401; baseline -0.003 -20"><span class='ocrx_word' id='word_1_297' title='bbox 425 4327 572 4401; x_wconf 70' lang='grc' dir='ltr'>,7)ιιιι2ιιι</span> <span class='ocrx_word' id='word_1_298' title='bbox 594 4317 864 4381; x_wconf 64' lang='lat' dir='ltr'>contiuo-outa</span> <span class='ocrx_word' id='word_1_299' title='bbox 882 4317 912 4378; x_wconf 87' lang='lat' dir='ltr'>iu</span> <span class='ocrx_word' id='word_1_300' title='bbox 928 4317 999 4379; x_wconf 81' lang='lat' dir='ltr'>solis</span> <span class='ocrx_word' id='word_1_301' title='bbox 1015 4316 1107 4378; x_wconf 86' lang='lat' dir='ltr'>codd.</span> <span class='ocrx_word' id='word_1_302' title='bbox 1126 4320 1206 4399; x_wconf 83' lang='lat' dir='ltr'>Aug.</span> <span class='ocrx_word' id='word_1_303' title='bbox 1226 4315 1259 4380; x_wconf 78' lang='lat' dir='ltr'>dt</span> <span class='ocrx_word' id='word_1_304' title='bbox 1275 4314 1399 4401; x_wconf 61' lang='lat' dir='ltr'>Regu.</span> <span class='ocrx_word' id='word_1_305' title='bbox 1412 4317 1459 4379; x_wconf 79' lang='lat' dir='ltr'>iu·</span> 
     </span>
     <span class='ocr_line' id='line_1_36' title="bbox 451 4421 1457 4508; baseline -0.004 -19"><span class='ocrx_word' id='word_1_306' title='bbox 451 4426 608 4500; x_wconf 79' lang='lat' dir='ltr'>venerim,</span> <span class='ocrx_word' id='word_1_307' title='bbox 629 4444 730 4508; x_wconf 85' lang='lat' dir='ltr'>neque</span> <span class='ocrx_word' id='word_1_308' title='bbox 743 4444 820 4487; x_wconf 90' lang='lat' dir='ltr'>vero</span> <span class='ocrx_word' id='word_1_309' title='bbox 839 4441 877 4486; x_wconf 81' lang='lat' dir='ltr'>ex</span> <span class='ocrx_word' id='word_1_310' title='bbox 897 4421 971 4489; x_wconf 89' lang='lat' dir='ltr'>Vat.</span> <span class='ocrx_word' id='word_1_311' title='bbox 990 4421 1024 4487; x_wconf 72' lang='grc' dir='ltr'>δι</span> <span class='ocrx_word' id='word_1_312' title='bbox 1043 4424 1068 4485; x_wconf 83' lang='lat' dir='ltr'>F</span> <span class='ocrx_word' id='word_1_313' title='bbox 1070 4423 1126 4485; x_wconf 88' lang='lat' dir='ltr'>lor.</span> <span class='ocrx_word' id='word_1_314' title='bbox 1146 4435 1303 4486; x_wconf 84' lang='lat' dir='ltr'>enotatam</span> <span class='ocrx_word' id='word_1_315' title='bbox 1323 4446 1391 4485; x_wconf 84' lang='lat' dir='ltr'>earn</span> <span class='ocrx_word' id='word_1_316' title='bbox 1414 4424 1457 4490; x_wconf 86' lang='lat' dir='ltr'>vi·</span> 
     </span>
    </p>
   </div>
   <div class='ocr_carea' id='block_1_4' title="bbox 450 4526 1505 4748">
    <p class='ocr_par' dir='ltr' id='par_1_4' title="bbox 450 4526 1505 4748">
     <span class='ocr_line' id='line_1_37' title="bbox 450 4526 1458 4615; baseline -0.004 -19"><span class='ocrx_word' id='word_1_317' title='bbox 450 4534 559 4608; x_wconf 87' lang='lat' dir='ltr'>deam;</span> <span class='ocrx_word' id='word_1_318' title='bbox 583 4543 686 4594; x_wconf 89' lang='lat' dir='ltr'>tamen</span> <span class='ocrx_word' id='word_1_319' title='bbox 703 4532 756 4594; x_wconf 79' lang='lat' dir='ltr'>vix</span> <span class='ocrx_word' id='word_1_320' title='bbox 772 4532 890 4609; x_wconf 91' lang='lat' dir='ltr'>dubito,</span> <span class='ocrx_word' id='word_1_321' title='bbox 914 4532 989 4614; x_wconf 89' lang='lat' dir='ltr'>quin</span> <span class='ocrx_word' id='word_1_322' title='bbox 1005 4532 1042 4593; x_wconf 72' lang='lat' dir='ltr'>ad</span> <span class='ocrx_word' id='word_1_323' title='bbox 1055 4529 1153 4613; x_wconf 87' lang='lat' dir='ltr'>ipsum</span> <span class='ocrx_word' id='word_1_324' title='bbox 1173 4530 1339 4615; x_wconf 71' lang='lat' dir='ltr'>Polybium</span> <span class='ocrx_word' id='word_1_325' title='bbox 1352 4526 1458 4593; x_wconf 71' lang='lat' dir='ltr'>austu·</span> 
     </span>
     <span class='ocr_line' id='line_1_38' title="bbox 489 4633 1505 4748; baseline -0.006 -43"><span class='ocrx_word' id='word_1_326' title='bbox 489 4638 613 4748; x_wconf 60' lang='lat' dir='ltr'>Postumi</span> <span class='ocrx_word' id='word_1_327' title='bbox 625 4636 741 4723; x_wconf 67' lang='lat' dir='ltr'>Histoe.</span> <span class='ocrx_word' id='word_1_328' title='bbox 760 4637 795 4701; x_wconf 86' lang='lat' dir='ltr'>T.</span> <span class='ocrx_word' id='word_1_329' title='bbox 811 4636 844 4703; x_wconf 90' lang='lat' dir='ltr'><em>V</em></span> <span class='ocrx_word' id='word_1_330' title='bbox 842 4636 871 4703; x_wconf 93' lang='lat' dir='ltr'>I.</span> <span class='ocrx_word' id='word_1_331' title='bbox 1080 4633 1110 4701; x_wconf 90' lang='lat' dir='ltr'>G</span> <span class='ocrx_word' id='word_1_332' title='bbox 1382 4650 1460 4714; x_wconf 79' lang='lat' dir='ltr'>rem,</span> <span class='ocrx_word' id='word_1_333' title='bbox 1503 4730 1505 4735; x_wconf 15' lang='lat' dir='ltr'><em>A</em></span> 
     </span>
    </p>
   </div>
   <div class='ocr_carea' id='block_1_5' title="bbox 0 0 2050 5484">
    <p class='ocr_par' dir='ltr' id='par_1_5' title="bbox 0 0 2050 5484">
     <span class='ocr_line' id='line_1_39' title="bbox 0 0 2050 5484; baseline 0 0"><span class='ocrx_word' id='word_1_334' title='bbox 0 0 2050 5484; x_wconf 95' lang='lat' dir='ltr'> </span> 
     </span>
    </p>
   </div>
  </div>
 </body>
</html>
