4084 5484
612 603 677 685 ²84
927 615 1300 671 honoramur
1629 386 1648 690 1

459 725 595 870 ᾗ
655 763 762 852 ‘Visst
776 772 807 848 8·
828 759 993 843 ‘inmisso
1021 762 1187 856 ἐσοοκῆοαο
1200 771 1376 851 unnsFlor.
1397 772 1445 824 li
1467 759 1549 835 Ilia
1561 765 1616 858 Φω-

608 873 723 940 λίοπου
738 871 792 961 τήν
804 870 892 941 πόλιν
907 871 975 941 οἷνοὶ
987 878 1100 963 Θηβῶν
1116 872 1338 960 arnulpum.
1360 906 1405 936 ·-
1446 874 1547 955 „Vna
1562 875 1614 942 ad·

512 1041 515 1052 .
609 986 675 1049 dim
688 984 810 1049 literula
822 984 913 1048 locus
927 997 994 1049 erat
1005 987 1138 1071 integer,
1158 989 1293 1074 legendo
1307 1004 1419 1072 nempe
1436 980 1614 1056 camme·

604 1087 684 1157 'Fuit
697 1093 840 1176 equidem
854 1088 1004 1178 Φιλίππου
1015 1085 1103 1167 πόλις
1115 1095 1174 1161 alia
1183 1096 1257 1160 urbs
1262 1139 1274 1171 ‚
1295 1105 1384 1159 antea
1396 1082 1614 1177 nemphae-aa

606 1194 643 1261 ἂ
656 1196 760 1280 postea
773 1196 982 1265 Trimontium
996 1223 1014 1265 a
1028 1198 1086 1268 satu
1100 1199 1198 1279 dieu,
1226 1202 1278 1266 sed
1291 1201 1323 1265 in
1335 1199 1470 1266 Thracia
1489 1201 1529 1262 ad
1548 1198 1613 1263 He·

605 1304 707 1370 hrum.
748 1305 796 1369 At
811 1306 880 1370 haec
894 1306 986 1384 urbs,
1014 1308 1054 1372 de
1068 1308 1194 1393 quahic
1215 1307 1253 1373 iit
1272 1310 1410 1386 mentio,
1442 1301 1615 1371 Theffuiae
1646 1341 1648 1396 p

603 1402 680 1488 suit,
708 1407 743 1477 &
761 1433 832 1477 earn
853 1413 973 1497 semper
994 1434 1052 1497 per
1070 1415 1221 1499 pluralem
1234 1434 1417 1492 numerum,
1442 1410 1619 1496 Philippen-

604 1508 728 1590 Florus,
749 1520 903 1597 Lucanus,
924 1517 1053 1595 satius,
1075 1520 1552 1607 sinnadastephanusefferonn
1573 1514 1616 1583 &⁴

604 1625 740 1710 eJusdem
753 1628 890 1692 nominis
903 1627 963 1693 filit
976 1648 1049 1694 cum
1061 1627 1173 1709 altera,
1200 1647 1272 1715 quae
1285 1629 1318 1693 in
1330 1626 1475 1694 Thmciae
1490 1626 1611 1700 littore.

464 1743 469 1752 '
603 1733 638 1799 in
651 1735 843 1799 Macedoniae
859 1733 959 1799 limite
972 1735 1043 1817 solt,
1066 1736 1107 1800 de
1119 1754 1179 1820 qna
1190 1737 1290 1801 Lucas
1298 1731 1612 1822 jinAPtiaApostolo·

466 1883 476 1908 .
601 1841 704 1906 rum.“
723 1861 959 1907 rasusnrvs.
980 1874 1026 1891 -
1057 1839 1122 1907 Sed
1136 1842 1267 1930 Polybio
1281 1842 1434 1908 consentit
1447 1842 1610 1907 Diodorus

599 1943 744 2026 Siculus,
769 1949 802 2012 in
821 1948 909 2031 cujus
929 1949 981 2014 lib.
995 1946 1327 2036 xxvl.ssc10g.v11.
1346 1950 1417 2015 haec
1437 1947 1610 2034 leguntura

599 2050 642 2122 ‘H
654 2056 705 2119 νῦν
718 2052 886 2140 οωιλοομὲνη
901 2050 1119 2130 &rhenicolas
1134 2050 1216 2122 acroi
1230 2049 1285 2142 miv
1299 2052 1487 2137 &saihs-sea,
1512 2043 1609 2119 Parti·

598 2162 676 2236 redae
690 2164 792 2247 Θῆβοη
803 2165 976 2235 ἐκαλοῦντο.
1017 2165 1068 2230 Ad
1080 2185 1174 2251 quem
1186 2164 1293 2230 locum
1308 2177 1607 2234 warenensem,

597 2283 843 2338 commemorata
858 2273 1000 2337 Palmerii
1014 2274 1054 2345 ad
1068 2273 1235 2358 Polybium
1251 2259 1481 2338 observatione:
1496 2263 1608 2353 „virt

596 2377 781 2454 sollertiam,
809 2379 928 2463 inquit,
954 2379 1067 2447 laudor
1096 2393 1156 2444 nec
1178 2380 1288 2464 sequor
1304 2389 1420 2447 nmen.
1469 2374 1605 2443 Diodori

595 2484 752 2569 Excerpta
766 2483 947 2569 Polybianae
959 2486 1117 2571 scripturae
1132 2486 1373 2570 patrocinantur,
1393 2503 1496 2570 neque
1507 2490 1606 2550 nocet

592 2594 763 2659 admodum
783 2590 969 2676 Stephanus.
1018 2594 1100 2659 Nam
1121 2593 1221 2658 ceteri
1240 2592 1289 2658 isti
1309 2593 1492 2676 scriptores,
1520 2606 1604 2674 quos

594 2700 806 2765 testimonium
825 2701 931 2764 dicere
946 2698 1046 2787 juliit,
1082 2697 1241 2784 Philippos
1267 2697 1414 2776 Thraciae
1439 2696 1604 2766 manifesto

592 2825 701 2871 errore
715 2807 747 2869 in
760 2804 944 2870 Thessaliam
959 2808 1231 2892 transportatum!
1252 2825 1299 2857 ·-·
1339 2804 1513 2889 Philippos,
1535 2805 1601 2870 Ma·

592 2913 736 2978 codoniae
756 2913 882 2989 urbem,
907 2914 1124 2992 (Macedoniae
1142 2909 1300 2997 adjecta,
1329 2913 1544 2997 predicitur,
1565 2911 1599 2978 itt

590 3019 736 3086 Thraciae
763 3018 963 3101 confinibus)
984 3023 1022 3084 ad
1044 3040 1166 3104 quama
1180 3019 1368 3085 Triumviris
1387 3020 1519 3103 superati
1530 3018 1600 3083 sunt

484 3128 486 3132 ’
589 3127 704 3194 Brutus
726 3124 761 3190 dr
784 3123 916 3201 Callus,
952 3145 1008 3211 per
1030 3146 1170 3191 errorem
1194 3127 1351 3193 confusam
1371 3147 1389 3191 a
1411 3125 1516 3192 Poetis
1536 3121 1600 3189 effe

458 3280 463 3290 -
589 3256 664 3300 cum
690 3234 749 3299 hac
773 3230 937 3297 Theffaliae
959 3232 1054 3309 urbe,
1086 3244 1251 3297 monuerat
1265 3233 1330 3315 jarn
1352 3231 1530 3298 Holstenius
1559 3228 1600 3295 ad

528 3339 530 3341 ’
565 3348 572 3366 ’
589 3339 699 3427 Steph.
714 3361 743 3424 p.
757 3339 827 3423 136.
869 3338 964 3415 Quod
977 3360 1052 3405 vero
1067 3341 1152 3404 idern
1169 3326 1361 3425 Stephanus,
1388 3342 1421 3404 in
1441 3335 1598 3410 Pdeme,

588 3450 680 3525 dicit,
707 3445 895 3511 Thessalicas
916 3446 968 3525 uel
986 3429 1178 3511 Phthioticas
1199 3447 1255 3512 has
1277 3445 1413 3527 Thebas,
1440 3444 1600 3533 Philippos

589 3554 652 3620 effe
668 3554 917 3638 cognominatas,
938 3554 981 3617 nil
997 3554 1136 3637 impedit·
1151 3556 1330 3636 quominus
1346 3554 1478 3638 Polybio
1491 3556 1598 3618 creda·

586 3683 658 3728 mus
673 3660 823 3725 Φιλίππου
836 3652 924 3723 πόλιν
938 3659 1026 3723 fuiss'e
1050 3659 1109 3724 hac
1126 3658 1288 3724 occasione
1302 3683 1320 3724 a
1332 3659 1475 3744 Philippo
1493 3659 1598 3744 adpel-

586 3771 676 3834 latas.-
717 3769 805 3832 Idem
823 3787 937 3831 nornen
951 3765 1151 3845 confirmatur
1171 3788 1210 3829 ex
1229 3768 1311 3832 Livii
1328 3767 1382 3832 lib.
1393 3766 1548 3837 XXXIX·
1565 3787 1598 3833 c.

586 3891 640 3959 ος.
660 3876 714 3940 ubi
739 3873 955 3957 Philippopolis
981 3872 1140 3939 manifeste
1166 3873 1358 3953 eademst,
1392 3893 1464 3958 quae
1488 3870 1596 3941 Theba

586 3966 758 4048 Pistoriae.
801 3979 892 4045 Conf.
907 3999 978 4063 quae
998 3982 1113 4045 ibidem
1128 3983 1250 4045 monuit
1262 3981 1496 4047 Drakenborch.
1540 3982 1596 4049 Al·

585 4090 684 4157 tenus
699 4084 857 4171 *Pelinna
878 4078 1008 4162 πόλεως,
1036 4089 1152 4172 quaein
1168 4090 1392 4153 mediterranea
1404 4089 1539 4154 Thracia
1553 4091 1594 4156 ad

585 4195 727 4264 Hebrum
742 4196 874 4260 fluvium
886 4192 942 4259 fita
953 4203 1036 4272 erat,
1057 4192 1200 4260 meminit
1214 4195 1365 4278 Polybius
1378 4192 1501 4264 XXVI.
1514 4196 1546 4273 6,
1561 4211 1591 4279 ς.

586 4305 744 4381 Quasnam
758 4306 796 4367 ad
809 4300 966 4386 Philippos
978 4302 1163 4383 pertinuerit
1177 4304 1294 4387 gentile
1307 4304 1382 4367 illud
1394 4297 1589 4389 Φολοπηνδς,

435 4490 442 4503 ·
505 4441 526 4492 γ
585 4434 648 4499 quo
674 4412 760 4476 usum
782 4408 842 4476 effe
867 4410 1034 4499 Polybium
1056 4408 1230 4494 Stephanus
1258 4410 1293 4476 in
1307 4407 1449 4479 Φίλιπποι
1474 4412 1590 4493 scribit,

584 4542 648 4586 non
663 4520 770 4608 liquet.

1502 4619 1592 4714 Vos
