4084 5484
639 589 703 673 684
951 589 1325 658 nonornrrorrns

483 750 617 860 ’ᾗῇ
637 759 713 829 vrb.
725 760 811 848 Aug.
826 760 859 827 δι
873 758 970 830 Vrsin.
1012 762 1209 844 κατασχῆσαι
1222 763 1270 826 ed.
1289 781 1315 827 r.
1337 761 1419 826 Med.
1431 758 1560 846 RegAE.
1573 759 1621 830 Ve-

635 868 712 934 sont.
750 869 945 952 νανασχῆται
964 867 1043 952 neg.
1056 865 1095 936 G.
1128 868 1431 954 Frequenterinillo
1446 867 1621 934 verboerrs

633 986 707 1040 tunt
722 975 846 1042 librarii.

699 1081 778 1147 ibid.
801 1073 859 1164 ιιιιῆ
880 1081 1049 1164 ντοῆσαι
1071 1072 1217 1165 διασύρας.
1260 1079 1313 1146 Sic
1332 1077 1457 1146 casaub.
1474 1097 1548 1144 cum
1558 1077 1621 1148 Vrt'

634 1187 669 1255 ἀ
682 1186 802 1256 Vrsino.
823 1189 865 1253 Et
876 1189 908 1252 in
922 1181 1060 1271 διασύρας
1075 1189 1198 1272 quidem
1215 1186 1406 1252 consentient
1424 1206 1538 1250 omnes
1544 1209 1555 1263 ;
1576 1205 1619 1270 pro

631 1295 761 1377 στοῆσαι
775 1313 849 1360 vero
873 1296 969 1360 editio
988 1315 1015 1361 1.
1034 1315 1106 1359 curn
1124 1293 1238 1382 ceteris
1258 1293 1364 1358 msstis
1381 1293 1550 1379 ποιῆσαι
1570 1295 1620 1372 dat,

630 1404 715 1486 quod
730 1401 900 1485 praeserens
921 1401 1081 1479 Bestius,
1102 1401 1134 1464 in
1153 1393 1290 1484 discripte
1305 1401 1347 1464 nit
1361 1400 1421 1464 sese
1440 1402 1578 1480 haerere,
1593 1397 1619 1464 δι

629 1507 769 1593 quaesrvit
787 1528 879 1585 „nam
898 1508 1017 1592 ποιῆσαι
1039 1495 1236 1590 διασπαρῆναι
1255 1501 1311 1592 νῆν
1333 1499 1505 1572 σύνοδινδ“
1526 1509 1618 1572 -rit

628 1616 756 1679 verbum
770 1607 914 1699 διασύρειν
928 1611 1559 1698 nonsatisvidemuscnrsuspeshrmnobis
1568 1609 1618 1677 esse

627 1722 753 1799 debeat,
776 1742 848 1786 curn
865 1721 901 1785 sit
917 1722 1013 1806 ipsum
1029 1721 1210 1788 Latinorum
1224 1716 1406 1810 distrahere,
1428 1721 1536 1798 idest,
1556 1718 1617 1784 {liti

626 1847 723 1904 mere,
742 1825 782 1896 E?
793 1827 945 1916 δῆρῖρανι,
961 1829 1044 1911 quod
1058 1837 1220 1912 peraptum
1235 1828 1334 1892 videri
1347 1828 1440 1892 debet
1457 1827 1533 1894 boio
1545 1827 1617 1890 loeo.

624 1935 747 2018 ποιῆσαι
761 1957 836 1998 vero
850 1956 913 1998 non
928 1933 1084 2011 convenit,
1106 1931 1140 1998 δι
1152 1933 1276 1998 facilius
1292 1953 1332 1998 ex
1343 1934 1486 2017 ποιῆσαι
1497 1935 1532 1998 in
1546 1929 1616 2016 τοιῆ-

627 2064 678 2104 σαι
699 2039 846 2106 aberrasse
860 2041 1002 2106 censendi
1016 2040 1084 2104 sunt
1095 2040 1225 2117 librarii,
1247 2060 1339 2125 quam
1360 2043 1430 2106 vice
1446 2041 1543 2106 versu.
1580 2039 1616 2106 nt

623 2150 657 2212 in
672 2150 774 2212 verbis
786 2148 914 2230 κινῆσαι
935 2140 1074 2230 διασύρας
1090 2146 1323 2211 terminationes
1335 2149 1443 2230 utique
1464 2165 1616 2232 perperam

623 2256 705 2319 inter
718 2255 748 2318 se
761 2271 957 2318 commutatae
972 2255 1056 2329 sunt;
1077 2272 1136 2316 nec
1149 2253 1233 2316 eninr
1247 2254 1332 2338 prius
1344 2251 1497 2332 dirimere,
1516 2251 1616 2318 deinde

622 2369 737 2424 terrere
753 2362 869 2437 voluit,
885 2360 935 2424 sed
948 2357 1086 2424 terrendo
1099 2355 1247 2422 dirimere.
1287 2359 1397 2444 Itaque
1416 2362 1450 2424 in
1465 2381 1504 2424 ea
1523 2358 1615 2445 perta

621 2468 788 2548 sententia,
816 2460 987 2550 πνσῆσας
1008 2459 1187 2549 διασύραι
1208 2467 1384 2549 legendnm.
1428 2465 1473 2532 Et
1495 2487 1537 2530 eo
1555 2485 1615 2552 pro·

621 2575 692 2638 nior
713 2574 771 2638 suit
792 2573 889 2658 lapsus
908 2575 1116 2649 librariorum,
1140 2572 1241 2656 quod,
1260 2584 1468 2656 praeterqunrn
1488 2569 1615 2658 quod&

619 2679 859 2763 frequentissime
882 2681 955 2743 aliis
976 2681 1166 2744 confundere
1192 2679 1424 2744 terminationes
1443 2679 1491 2744 Al
1513 2677 1549 2746 ἃ
1565 2673 1615 2744 Ac

618 2787 859 2863 consueverunt,
888 2807 970 2851 nunc
988 2787 1177 2871 praecedenti
1199 2787 1296 2850 verbo
1312 2785 1532 2872 καταταχῆσαι
1551 2805 1615 2852 con·

618 2894 807 2977 jungendum
822 2892 1008 2958 infinitivum
1030 2887 1079 2977 uui
1096 2894 1224 2977 ντοῆσαι
1239 2903 1393 2976 putarunt.

477 2995 549 3055 Vtri·
566 3009 591 3065 5·
680 2999 769 3083 Verj}
785 3015 812 3080 ς.
834 3000 902 3082 περ)
923 2994 972 3063 riv
993 3002 1165 3066 Alvra'r'roe
1186 2993 1307 3064 κόλπον.
1348 2999 1428 3065 Cum
1448 3000 1547 3108 vulqo
1565 2999 1612 3064 As·

615 3099 696 3172 νιὶαν
724 3101 835 3170 κόλπον
865 3109 1020 3189 legeretur
1039 3107 1298 3172 consentientibus
1317 3106 1419 3177 libris,
1439 3108 1565 3173 monuit
1581 3105 1613 3170 ai

614 3215 697 3278 hunc
712 3214 817 3277 locum
832 3233 1068 3278 rannsnrvs:
1087 3216 1194 3296 „Lege
1213 3213 1272 3275 τῶν
1290 3205 1471 3292 Afraniana,
1494 3214 1563 3292 vel,
1582 3221 1613 3276 ut

612 3323 719 3387 Livius
734 3320 839 3405 legisse
854 3323 989 3398 videtur,
1011 3314 1166 3384 Αδνειδνον
1179 3313 1299 3383 κόλπον.
1341 3320 1433 3384 Sinus
1447 3321 1503 3384 isle
1524 3320 1611 3384 maris
1643 3281 1646 3402 l

612 3430 687 3508 olim
705 3421 845 3510 Μηλιεύς,
869 3426 902 3491 &
917 3422 1082 3499 dimicarit,
1097 3427 1130 3492 &
1143 3422 1301 3505 Λαμιακδς
1315 3449 1333 3490 a
1348 3426 1546 3492 illeliensrbus
1563 3449 1611 3512 po·
1643 3443 1646 3550 q

611 3538 693 3620 pulis
711 3535 744 3600 δι
760 3537 834 3598 urbe
849 3536 951 3598 Lamia
968 3538 1151 3610 vocabatur3
1172 3535 1223 3600 sed
1239 3548 1379 3618 tempore
1394 3535 1528 3617 Polybii,
1543 3555 1610 3598 cum
1643 3561 1646 3680 q

611 3639 836 3726 praevaluissent
856 3641 1030 3712 Aenianes,
1052 3635 1220 3714 Asreixaoc,
1242 3663 1305 3706 non
1326 3639 1465 3712 Αἰνείας,
1488 3644 1616 3706 vocabo·

610 3752 692 3812 tur.“
714 3780 753 3796 -
774 3750 864 3811 Adde
879 3768 949 3831 quac
963 3751 999 3813 ad
1016 3750 1096 3813 Livii
1109 3748 1161 3812 lib.
1175 3749 1309 3816 XXVII.
1331 3764 1359 3829 5,
1379 3764 1426 3829 15.
1443 3747 1610 3812 Glareanus

609 3855 646 3920 δι
666 3855 712 3919 lo.
733 3854 813 3918 Frid.
835 3853 1012 3918 Gronovius
1035 3869 1231 3920 monuerunt.
1282 3854 1457 3937 Stephanus
1485 3855 1609 3918 nornine

608 3961 769 4047 possessivo
781 3957 923 4026 Αἰνιανδν
936 3954 1048 4025 κόλπον
1060 3964 1120 4026 diei
1134 3965 1193 4027 ait:
1215 3963 1264 4025 sed
1279 3982 1351 4025 curn
1363 3963 1442 4046 apud
1457 3965 1608 4036 eumdem,

608 4072 867 4152 quemadmodum
881 4069 913 4134 δι
928 4073 1006 4152 νρυδ
1024 4070 1101 4132 alios
1116 4070 1294 4153 scriptores,
1314 4053 1432 4152 gentile
1446 4090 1562 4134 nomen
1576 4065 1608 4131 sit

607 4173 625 4240 ὅ
641 4169 779 4252 Αδναιδν,
800 4176 846 4241 lo.
861 4177 885 4240 F
887 4176 942 4239 rid.
956 4173 1132 4241 Gronovius
1144 4178 1270 4240 Αἰνιᾶνα
1292 4177 1374 4259 apud
1388 4175 1554 4258 Polybium
1568 4176 1608 4238 le·

606 4287 744 4369 gendum
759 4285 883 4346 censuit.
927 4283 1183 4366 Quandoquidem
1199 4305 1273 4347 vero
1289 4284 1395 4347 Livius
1414 4284 1446 4346 ιἰι
1459 4285 1530 4366 firm
1543 4279 1606 4345 Ae-

604 4394 762 4456 nianum
782 4389 902 4472 scripsit,
923 4392 1027 4454 licebit
1043 4394 1134 4454 etiam
1149 4390 1304 4474 suspicari,
1329 4392 1395 4473 pari
1406 4392 1527 4452 ratione
1540 4385 1606 4471 napi

606 4493 658 4562 τόν
688 4491 890 4562 Αἰνειίνων
916 4491 1029 4562 κόλπον
1063 4499 1208 4584 scriptum
1243 4496 1391 4563 invenisse
1426 4519 1502 4565 eum
1527 4497 1607 4580 apud

1516 4605 1607 4689 Poly·
