4084 5484
774 632 836 682 au
855 632 1014 682 rotun.
1033 633 1071 684 v.
1104 622 1156 699 54.
1389 627 1450 684 ort

1469 731 1610 764 u

444 784 623 874 ⁴inlperinm
645 783 699 855 est.
739 784 895 854 Praeterea
916 788 989 853 urbs
1009 786 1063 852 illo
1083 786 1232 865 Chauon,
1261 805 1351 871 qnam
1374 784 1451 852 dicit
1469 765 1609 893 W

451 895 691 980 Weffelingtom
711 896 856 981 nusquam
869 892 924 959 nili
938 896 970 959 in
984 892 1093 959 caenae
1109 894 1240 961 fabulose
1262 895 1386 959 historia
1398 894 1451 959 Se·

450 1004 848 1072 miramidosrnemoratur:
867 1021 939 1066 num
953 1022 972 1065 a
984 1000 1082 1067 Ctefia
1103 999 1137 1067 br
1152 1001 1309 1066 Diodorus
1329 1001 1362 1067 &
1384 1000 1451 1066 Ste·
1576 1025 1581 1034 ·

451 1111 573 1195 pisanus
593 1110 783 1195 Byzantinus
797 1132 850 1188 ea,
882 1127 952 1192 quae
975 1111 1015 1173 de
1033 1107 1180 1173 Chauone
1196 1110 1325 1185 habent,
1346 1107 1451 1172 hanse-

452 1231 536 1282 mnt.
579 1215 774 1281 Casaubonus
789 1217 885 1281 etiam·
895 1216 972 1279 olim
985 1216 1065 1300 apud
1077 1215 1258 1280 Strabonem
1266 1197 1323 1280 ΧῘ.
1338 1236 1367 1299 p.
1377 1230 1449 1298 529.

452 1343 513 1409 pro
527 1318 713 1402 Xoltovirm,
738 1324 870 1406 inquot
895 1324 937 1387 rbi
960 1323 1154 1386 consentiunt
1171 1323 1257 1399 libri,
1279 1317 1451 1391 Xaoevrao

450 1433 615 1517 sulpiontus
628 1440 694 1495 erat
707 1430 893 1514 legendum
905 1429 955 1494 l'ed
967 1427 1174 1513 conjesturam
1187 1430 1270 1493 illam
1282 1428 1346 1513 ipse
1358 1442 1452 1494 retre-

444 1535 549 1604 'stavit
563 1540 594 1602 in
607 1539 815 1603 Commentar.
830 1539 866 1599 ad
881 1553 954 1599 eurn
967 1537 1080 1600 locum.
1526 1535 1529 1542 '

519 1643 605 1726 Vers.
622 1652 653 1721 8.
678 1638 770 1709 Merui
782 1643 879 1706 ταῦτα
899 1643 931 1707 al
954 1643 1024 1706 liar.
1044 1643 1127 1707 Flor.
1149 1643 1226 1727 Reg.
1238 1641 1280 1707 Α.
1311 1634 1391 1721 perol
1404 1642 1452 1720 nt,
1476 1659 1547 1719 vass,
1563 1669 1587 1723 p,

449 1752 564 1837 absque
575 1751 691 1825 ταῦτα,
715 1754 796 1834 Aug.
817 1742 897 1829 perol
912 1749 1055 1813 δὲταῦτα
1073 1751 1142 1813 edd.

520 1855 607 1942 Vers.
625 1876 671 1924 ιο.
695 1850 932 1933 Ἀδειγαίνας.
975 1856 1028 1921 sic
1044 1857 1153 1921 mestis
1171 1857 1209 1921 ad
1225 1876 1321 1921 unum
1342 1875 1451 1919 ornnes
1476 1878 1603 1938 arerem,

452 1965 527 2034 Bav.
542 1964 613 2031 Vat.
630 1967 712 2029 Flor.
726 1966 809 2048 Aug.
823 1964 990 2048 Regum
1023 1963 1151 2029 Peirel'c.
1172 1965 1207 2046 (e
1222 1984 1285 2048 quo
1306 1964 1385 2027 hane
1405 1963 1450 2026 le-

453 2071 593 2139 stionem
605 2073 733 2157 protulit
745 2067 903 2150 Val'elius)
926 2067 959 2134 δι
976 2073 1076 2135 code'n
1093 2068 1205 2138 Vrsmi.
1247 2072 1391 2135 Perottus
1404 2080 1451 2134 to·

451 2190 521 2246 tum
540 2180 645 2244 locum
666 2174 829 2242 transsiliit.
883 2171 1021 2239 Temere
1038 2178 1159 2261 prorsus
1183 2171 1330 2253 nerim
1352 2178 1449 2260 vulgo

451 2288 500 2351 est
512 2288 646 2363 editum,
666 2306 774 2348 errore.
788 2305 806 2347 e
819 2284 918 2368 prima
933 2284 1071 2348 editione
1084 2285 1116 2348 in
1129 2296 1248 2349 ceteras
1264 2299 1447 2368 propagato.

451 2393 496 2461 Et
509 2394 578 2457 haec
593 2402 695 2456 tamen
710 2390 853 2453 mendosa
867 2390 1030 2473 scriptura,
1059 2409 1160 2473 neque
1177 2390 1259 2454 aliud
1273 2392 1449 2474 quidquam,

451 2498 643 2586 quodscinm,
666 2497 763 2560 ansam
771 2479 949 2559 Casaubono
958 2498 1043 2560 dedit
1051 2496 1226 2578 suspicandi,
1247 2493 1382 2581 efflillud
1387 2516 1449 2561 ma·

450 2602 691 2691 gistratusopttd
695 2602 842 2665 Seleucus
851 2619 976 2673 nomem
997 2601 1274 2686 quamsententiarn
1288 2604 1381 2667 etium
1394 2600 1449 2686 ipsi

448 2710 583 2778 verlioni
599 2711 703 2772 lotinae
720 2709 852 2772 inserere
870 2729 931 2772 non
947 2708 1105 2773 dubitavit.
1149 2707 1349 2792 cogitaverat
1364 2731 1449 2774 nem.

450 2840 491 2905 pe
507 2821 553 2881 vir
567 2812 677 2881 doetus
697 2814 749 2893 (ut
768 2834 807 2878 ex
830 2835 884 2879 ora
898 2813 1053 2879 Basileenli
1068 2814 1226 2897 intelligo,
1249 2818 1337 2900 cujus
1357 2831 1449 2883 notas

449 2925 629 2990 Gronovius
643 2918 1014 3005 determinatione
1030 2921 1126 2985 veno
1142 2920 1204 2986 aaa
1219 2922 1348 3001 verere,
1362 2901 1449 3008 jaan

449 3050 541 3102 tores
573 3031 656 3093 unde
670 3026 781 3111 dojdn,
798 3026 918 3111 jadex,
951 3027 1188 3117 administrator.
1229 3027 1326 3109 Dein,
1351 3051 1449 3116 quum

450 3139 487 3204 in
501 3138 608 3201 mestis
621 3135 682 3200 effe
704 3129 879 3211 Ἀδειγᾶνας
898 3137 1036 3213 videret,
1057 3138 1185 3219 perinde
1203 3134 1264 3201 hoe
1284 3138 1344 3203 effe
1363 3151 1449 3223 puta·

450 3247 515 3322 vit3
536 3245 657 3307 literam
677 3244 825 3307 initialem
840 3267 861 3305 o
875 3255 959 3307 ratus
974 3242 1158 3326 respondere
1176 3244 1322 3321 articulo,
1352 3265 1446 3329 quern

448 3351 625 3418 nominibus
641 3348 806 3433 praeligere
826 3349 924 3413 solent
939 3349 1059 3412 Arabes
1081 3347 1115 3413 δι
1136 3350 1271 3414 Hebraei.
1313 3349 1445 3438 Ineam·
1503 3405 1507 3412 .

448 3461 583 3542 demque
603 3455 726 3541 prorsus
744 3456 969 3540 cogitationem
983 3455 1130 3520 Reislriua
1144 3455 1270 3532 incidit3
1290 3455 1346 3520 niti
1362 3458 1446 3542 quod

446 3586 489 3630 ex
504 3563 719 3628 Chaldaeorum
733 3562 872 3627 sermone
884 3562 1035 3627 derivavit
1049 3563 1080 3626 id
1096 3575 1221 3642 nornen,
1243 3565 1275 3627 in
1291 3583 1353 3648 quo
1366 3566 1446 3648 pari·

447 3682 499 3738 ter
518 3670 612 3755 dojdn
620 3668 754 3753 judiam
774 3666 943 3754 significat:
973 3681 1005 3735 at
1025 3667 1180 3746 Choldoei,
1199 3671 1300 3754 quoad
1319 3671 1446 3753 quidem

446 3799 508 3844 nos
522 3781 682 3852 novimus,
711 3794 774 3840 non
798 3774 841 3841 ιώ
862 3776 934 3842 sunt
953 3776 1084 3841 articulo
1105 3777 1281 3841 nominibus
1302 3762 1446 3861 praeiixo.

447 3886 542 3964 Mihi,
561 3899 597 3949 ut
608 3883 709 3949 dicam
721 3885 805 3968 quod
818 3882 932 3961 sentio,
954 3885 1014 3949 toti
1032 3883 1106 3948 huie
1125 3883 1236 3947 rationi
1254 3883 1378 3950 videtur
1391 3885 1445 3950 ali·

447 3994 523 4074 quid
539 3990 631 4055 ineffe
645 3991 773 4058 lubrici:
794 3991 893 4066 (conf.
905 3992 942 4055 ad
957 4011 1024 4075 cap.
1031 4006 1090 4072 70,
1099 3986 1145 4070 6.)
1166 4008 1225 4054 neo
1239 4002 1343 4055 tamen
1357 3992 1444 4076 quim

449 4115 551 4180 quam,
572 4101 655 4182 quod
671 4099 788 4163 certius
795 4095 845 4173 bt,
859 4094 948 4162 &ue
960 4096 1118 4180 probabile
1134 4098 1261 4180 quidem
1276 4099 1443 4184 quidquam

448 4203 550 4279 aliud,
570 4223 633 4288 quo
651 4207 787 4269 nomirris
802 4204 886 4270 illius
899 4202 950 4270 vel
962 4202 1026 4269 vim
1044 4202 1097 4267 vel
1111 4203 1266 4288 originem
1276 4206 1442 4287 declarem,

447 4311 722 4394 equidemhabeo.
783 4380 785 4386 ,
924 4343 926 4348 ·
1088 4309 1091 4314 ’

513 4415 666 4503 Voſs-rr.
687 4405 758 4481 alil
777 4409 837 4502 nal·
862 4409 903 4482 ot
921 4415 953 4482 ll
972 4408 1159 4502 aol'Reg.B.-
1185 4417 1295 4485 invitls
1311 4418 1439 4487 vetustis
1465 4422 1537 4489 vol.
1551 4438 1595 4487 rr.

443 4526 617 4610 codicibus.
660 4524 730 4593 Por
742 4518 791 4617 ‚rb
810 4523 869 4605 plu
887 4526 1004 4614 eodem
1017 4526 1114 4592 modo
1133 4508 1201 4589 lte
1211 4524 1440 4611 poummvmn

1367 4649 1440 4703 Πὶῦῠ
