<?xml version="1.0" encoding="UTF-8"?>
<!DOCTYPE html PUBLIC "-//W3C//DTD XHTML 1.0 Transitional//EN"
    "http://www.w3.org/TR/xhtml1/DTD/xhtml1-transitional.dtd">
<html xmlns="http://www.w3.org/1999/xhtml" xml:lang="en" lang="en">
 <head>
  <title>
</title>
<meta http-equiv="Content-Type" content="text/html;charset=utf-8" />
  <meta name='ocr-system' content='tesseract 3.04.00' />
  <meta name='ocr-capabilities' content='ocr_page ocr_carea ocr_par ocr_line ocrx_word'/>
</head>
<body>
  <div class='ocr_page' id='page_1' title='image "./polybiimegalopo00polygoog_0753.png"; bbox 0 0 4084 5484; ppageno 0'>
   <div class='ocr_carea' id='block_1_1' title="bbox 619 577 1296 668">
    <p class='ocr_par' dir='ltr' id='par_1_1' title="bbox 619 577 1296 668">
     <span class='ocr_line' id='line_1_1' title="bbox 619 577 1296 668; baseline 0.004 -14"><span class='ocrx_word' id='word_1_1' title='bbox 619 585 682 668; x_wconf 82' lang='lat'><strong>682</strong></span> <span class='ocrx_word' id='word_1_2' title='bbox 825 643 829 656; x_wconf 92' lang='lat'>.</span> <span class='ocrx_word' id='word_1_3' title='bbox 939 577 1296 661; x_wconf 72' lang='lat' dir='ltr'><strong>annorn&#39;rrouus</strong></span> 
     </span>
    </p>
   </div>
   <div class='ocr_carea' id='block_1_2' title="bbox 466 749 1646 4575">
    <p class='ocr_par' dir='ltr' id='par_1_2' title="bbox 466 749 1646 4476">
     <span class='ocr_line' id='line_1_2' title="bbox 466 749 1606 856; baseline 0.001 -29"><span class='ocrx_word' id='word_1_4' title='bbox 466 749 597 856; x_wconf 45' lang='grc' dir='ltr'>ᾖ</span> <span class='ocrx_word' id='word_1_5' title='bbox 610 758 1250 846; x_wconf 84' lang='lat' dir='ltr'><strong>habetVrb.(quod&amp;debueruntputamus</strong></span> <span class='ocrx_word' id='word_1_6' title='bbox 1258 764 1361 849; x_wconf 90' lang='lat' dir='ltr'><strong>illiqui</strong></span> <span class='ocrx_word' id='word_1_7' title='bbox 1370 751 1606 850; x_wconf 69' lang='lat' dir='ltr'><strong>liescripseruut,</strong></span> 
     </span>
     <span class='ocr_line' id='line_1_3' title="bbox 615 867 1607 956; baseline 0 -22"><span class='ocrx_word' id='word_1_8' title='bbox 615 867 767 934; x_wconf 88' lang='lat' dir='ltr'><strong>literaml</strong></span> <span class='ocrx_word' id='word_1_9' title='bbox 786 891 857 934; x_wconf 89' lang='lat' dir='ltr'><strong>cum</strong></span> <span class='ocrx_word' id='word_1_10' title='bbox 877 869 902 932; x_wconf 91' lang='lat' dir='ltr'>C</span> <span class='ocrx_word' id='word_1_11' title='bbox 925 869 1167 946; x_wconf 84' lang='lat' dir='ltr'><strong>confundentes,</strong></span> <span class='ocrx_word' id='word_1_12' title='bbox 1188 883 1224 934; x_wconf 92' lang='lat' dir='ltr'><strong>ut</strong></span> <span class='ocrx_word' id='word_1_13' title='bbox 1243 872 1352 956; x_wconf 79' lang='lat' dir='ltr'><strong>saepius</strong></span> <span class='ocrx_word' id='word_1_14' title='bbox 1372 873 1464 954; x_wconf 89' lang='lat' dir='ltr'><strong>alibi)</strong></span> <span class='ocrx_word' id='word_1_15' title='bbox 1482 873 1607 935; x_wconf 83' lang='lat' dir='ltr'><strong>indicare</strong></span> 
     </span>
     <span class='ocr_line' id='line_1_4' title="bbox 616 969 1606 1060; baseline -0.002 -18"><span class='ocrx_word' id='word_1_16' title='bbox 616 978 725 1060; x_wconf 84' lang='lat' dir='ltr'><strong>utique</strong></span> <span class='ocrx_word' id='word_1_17' title='bbox 746 976 883 1053; x_wconf 84' lang='lat' dir='ltr'><strong>videtur,</strong></span> <span class='ocrx_word' id='word_1_18' title='bbox 911 997 966 1060; x_wconf 91' lang='lat' dir='ltr'><strong>pro</strong></span> <span class='ocrx_word' id='word_1_19' title='bbox 989 977 1117 1058; x_wconf 79' lang='lat' dir='ltr'><strong>vulgato</strong></span> <span class='ocrx_word' id='word_1_20' title='bbox 1137 969 1237 1050; x_wconf 67' lang='grc' dir='ltr'><strong>παίσας</strong></span> <span class='ocrx_word' id='word_1_21' title='bbox 1256 979 1333 1042; x_wconf 89' lang='lat' dir='ltr'><strong>alios</strong></span> <span class='ocrx_word' id='word_1_22' title='bbox 1353 981 1482 1044; x_wconf 88' lang='lat' dir='ltr'><strong>codices</strong></span> <span class='ocrx_word' id='word_1_23' title='bbox 1504 971 1606 1047; x_wconf 65' lang='lat' dir='ltr'><strong>etant</strong></span> 
     </span>
     <span class='ocr_line' id='line_1_5' title="bbox 615 1081 1606 1168; baseline -0.002 -21"><span class='ocrx_word' id='word_1_24' title='bbox 615 1086 691 1148; x_wconf 90' lang='lat' dir='ltr'><strong>olim</strong></span> <span class='ocrx_word' id='word_1_25' title='bbox 705 1081 884 1168; x_wconf 83' lang='lat' dir='ltr'><strong>praetulill&#39;e3</strong></span> <span class='ocrx_word' id='word_1_26' title='bbox 899 1085 980 1164; x_wconf 89' lang='lat' dir='ltr'><strong>quod</strong></span> <span class='ocrx_word' id='word_1_27' title='bbox 994 1105 1066 1147; x_wconf 87' lang='lat' dir='ltr'><strong>curn</strong></span> <span class='ocrx_word' id='word_1_28' title='bbox 1079 1085 1158 1149; x_wconf 81' lang='lat' dir='ltr'><strong>iutra</strong></span> <span class='ocrx_word' id='word_1_29' title='bbox 1171 1086 1267 1149; x_wconf 83' lang='lat' dir='ltr'><strong>lineas</strong></span> <span class='ocrx_word' id='word_1_30' title='bbox 1281 1083 1381 1150; x_wconf 79' lang='lat' dir='ltr'><strong>suillet</strong></span> <span class='ocrx_word' id='word_1_31' title='bbox 1393 1095 1547 1160; x_wconf 84' lang='lat' dir='ltr'><strong>notatum,</strong></span> <span class='ocrx_word' id='word_1_32' title='bbox 1561 1085 1606 1145; x_wconf 90' lang='lat' dir='ltr'><strong>im·</strong></span> 
     </span>
     <span class='ocr_line' id='line_1_6' title="bbox 614 1181 1606 1278; baseline -0.003 -23"><span class='ocrx_word' id='word_1_33' title='bbox 614 1192 715 1278; x_wconf 87' lang='lat' dir='ltr'><strong>perite</strong></span> <span class='ocrx_word' id='word_1_34' title='bbox 735 1191 767 1254; x_wconf 87' lang='lat' dir='ltr'><strong>iu</strong></span> <span class='ocrx_word' id='word_1_35' title='bbox 788 1202 967 1256; x_wconf 81' lang='lat' dir='ltr'><strong>contextum</strong></span> <span class='ocrx_word' id='word_1_36' title='bbox 990 1201 1152 1274; x_wconf 86' lang='lat' dir='ltr'><strong>receptum</strong></span> <span class='ocrx_word' id='word_1_37' title='bbox 1176 1191 1230 1257; x_wconf 86' lang='lat' dir='ltr'><strong>est.</strong></span> <span class='ocrx_word' id='word_1_38' title='bbox 1271 1186 1326 1272; x_wconf 72' lang='lat' dir='ltr'><strong>ei,</strong></span> <span class='ocrx_word' id='word_1_39' title='bbox 1349 1205 1420 1256; x_wconf 87' lang='lat' dir='ltr'><strong>ante</strong></span> <span class='ocrx_word' id='word_1_40' title='bbox 1443 1184 1485 1254; x_wconf 79' lang='lat' dir='ltr'><strong>rai</strong></span> <span class='ocrx_word' id='word_1_41' title='bbox 1504 1181 1606 1253; x_wconf 68' lang='lat' dir='ltr'><strong>tavers</strong></span> 
     </span>
     <span class='ocr_line' id='line_1_7' title="bbox 613 1290 1607 1383; baseline -0.004 -20"><span class='ocrx_word' id='word_1_42' title='bbox 613 1290 754 1382; x_wconf 71' lang='grc' dir='ltr'><strong><em>ποιήσειν,</em></strong></span> <span class='ocrx_word' id='word_1_43' title='bbox 771 1317 835 1362; x_wconf 91' lang='lat' dir='ltr'><strong>non</strong></span> <span class='ocrx_word' id='word_1_44' title='bbox 849 1299 987 1360; x_wconf 86' lang='lat' dir='ltr'><strong>uidemus</strong></span> <span class='ocrx_word' id='word_1_45' title='bbox 997 1299 1049 1380; x_wconf 93' lang='lat' dir='ltr'><strong>qui</strong></span> <span class='ocrx_word' id='word_1_46' title='bbox 1062 1297 1136 1362; x_wconf 79' lang='lat' dir='ltr'><strong>ferri</strong></span> <span class='ocrx_word' id='word_1_47' title='bbox 1148 1297 1256 1383; x_wconf 83' lang='lat' dir='ltr'><strong>pollit;</strong></span> <span class='ocrx_word' id='word_1_48' title='bbox 1276 1320 1347 1364; x_wconf 88' lang='lat' dir='ltr'><strong>nam</strong></span> <span class='ocrx_word' id='word_1_49' title='bbox 1365 1290 1607 1376; x_wconf 67' lang='lat' dir='ltr'><strong>irarserltriperot</strong></span> 
     </span>
     <span class='ocr_line' id='line_1_8' title="bbox 613 1401 1606 1490; baseline -0.015 -20"><span class='ocrx_word' id='word_1_50' title='bbox 613 1426 687 1471; x_wconf 85' lang='lat' dir='ltr'><strong>cum</strong></span> <span class='ocrx_word' id='word_1_51' title='bbox 701 1405 784 1470; x_wconf 88' lang='lat' dir='ltr'><strong>nudo</strong></span> <span class='ocrx_word' id='word_1_52' title='bbox 799 1401 952 1468; x_wconf 86' lang='lat' dir='ltr'><strong>infinitivo</strong></span> <span class='ocrx_word' id='word_1_53' title='bbox 969 1403 1169 1482; x_wconf 86' lang='lat' dir='ltr'><strong>construitur,</strong></span> <span class='ocrx_word' id='word_1_54' title='bbox 1191 1425 1250 1470; x_wconf 86' lang='lat' dir='ltr'><strong>nec</strong></span> <span class='ocrx_word' id='word_1_55' title='bbox 1269 1407 1383 1490; x_wconf 85' lang='lat' dir='ltr'><strong>patitur</strong></span> <span class='ocrx_word' id='word_1_56' title='bbox 1400 1402 1556 1490; x_wconf 58' lang='lat' dir='ltr'><strong>adjectum</strong></span> <span class='ocrx_word' id='word_1_57' title='bbox 1568 1422 1606 1466; x_wconf 65' lang='grc' dir='ltr'><strong>η.</strong></span> 
     </span>
     <span class='ocr_line' id='line_1_9' title="bbox 610 1503 1606 1596; baseline -0.005 -19"><span class='ocrx_word' id='word_1_58' title='bbox 610 1513 751 1578; x_wconf 85' lang='lat' dir='ltr'><strong>ticulum.</strong></span> <span class='ocrx_word' id='word_1_59' title='bbox 794 1509 939 1574; x_wconf 85' lang='lat' dir='ltr'><strong>Ceterum</strong></span> <span class='ocrx_word' id='word_1_60' title='bbox 954 1513 1038 1594; x_wconf 87' lang='lat' dir='ltr'><strong>quod</strong></span> <span class='ocrx_word' id='word_1_61' title='bbox 1057 1509 1142 1575; x_wconf 88' lang='lat' dir='ltr'><strong>livel</strong></span> <span class='ocrx_word' id='word_1_62' title='bbox 1164 1509 1342 1596; x_wconf 78' lang='lat' dir='ltr'><strong>conjunffio</strong></span> <span class='ocrx_word' id='word_1_63' title='bbox 1360 1503 1426 1594; x_wconf 74' lang='lat' dir='ltr'><strong>nol,</strong></span> <span class='ocrx_word' id='word_1_64' title='bbox 1448 1533 1544 1596; x_wconf 88' lang='lat' dir='ltr'><strong>quam</strong></span> <span class='ocrx_word' id='word_1_65' title='bbox 1561 1509 1606 1572; x_wconf 59' lang='lat' dir='ltr'><strong>ha,</strong></span> 
     </span>
     <span class='ocr_line' id='line_1_10' title="bbox 611 1609 1606 1701; baseline -0.007 -17"><span class='ocrx_word' id='word_1_66' title='bbox 611 1619 688 1684; x_wconf 86' lang='lat' dir='ltr'><strong>bont</strong></span> <span class='ocrx_word' id='word_1_67' title='bbox 701 1617 788 1688; x_wconf 84' lang='lat' dir='ltr'>libri,</span> <span class='ocrx_word' id='word_1_68' title='bbox 810 1629 864 1680; x_wconf 85' lang='lat' dir='ltr'><strong>aut</strong></span> <span class='ocrx_word' id='word_1_69' title='bbox 884 1617 977 1680; x_wconf 89' lang='lat' dir='ltr'><strong>etiarn</strong></span> <span class='ocrx_word' id='word_1_70' title='bbox 997 1637 1170 1701; x_wconf 85' lang='lat' dir='ltr'><strong>pronomen</strong></span> <span class='ocrx_word' id='word_1_71' title='bbox 1190 1619 1354 1686; x_wconf 85' lang='lat' dir='ltr'><strong>relativum</strong></span> <span class='ocrx_word' id='word_1_72' title='bbox 1374 1609 1438 1692; x_wconf 66' lang='lat' dir='ltr'><strong>alt,</strong></span> <span class='ocrx_word' id='word_1_73' title='bbox 1468 1617 1524 1682; x_wconf 90' lang='lat' dir='ltr'><strong>suo</strong></span> <span class='ocrx_word' id='word_1_74' title='bbox 1542 1617 1606 1680; x_wconf 83' lang='lat' dir='ltr'><strong>loeo</strong></span> 
     </span>
     <span class='ocr_line' id='line_1_11' title="bbox 611 1719 1605 1810; baseline -0.006 -20"><span class='ocrx_word' id='word_1_75' title='bbox 611 1725 664 1790; x_wconf 89' lang='lat' dir='ltr'><strong>hic</strong></span> <span class='ocrx_word' id='word_1_76' title='bbox 679 1723 787 1800; x_wconf 87' lang='lat' dir='ltr'><strong>staret;</strong></span> <span class='ocrx_word' id='word_1_77' title='bbox 812 1723 1025 1805; x_wconf 79' lang='lat' dir='ltr'><strong>intelligimus,</strong></span> <span class='ocrx_word' id='word_1_78' title='bbox 1034 1744 1097 1786; x_wconf 89' lang='lat' dir='ltr'><strong>non</strong></span> <span class='ocrx_word' id='word_1_79' title='bbox 1106 1744 1185 1806; x_wconf 84' lang='lat' dir='ltr'><strong>opus</strong></span> <span class='ocrx_word' id='word_1_80' title='bbox 1199 1723 1284 1790; x_wconf 79' lang='lat' dir='ltr'><strong>soille</strong></span> <span class='ocrx_word' id='word_1_81' title='bbox 1297 1719 1605 1810; x_wconf 74' lang='lat' dir='ltr'><strong>adjestaconjuuflio</strong></span> 
     </span>
     <span class='ocr_line' id='line_1_12' title="bbox 608 1824 1603 1918; baseline -0.001 -21"><span class='ocrx_word' id='word_1_82' title='bbox 608 1851 650 1897; x_wconf 86' lang='lat' dir='ltr'><strong>uc</strong></span> <span class='ocrx_word' id='word_1_83' title='bbox 676 1830 716 1894; x_wconf 78' lang='lat' dir='ltr'><strong>ti</strong></span> <span class='ocrx_word' id='word_1_84' title='bbox 735 1831 773 1894; x_wconf 82' lang='lat' dir='ltr'><strong>ad</strong></span> <span class='ocrx_word' id='word_1_85' title='bbox 792 1830 834 1912; x_wconf 74' lang='grc' dir='ltr'><strong>τῷ</strong></span> <span class='ocrx_word' id='word_1_86' title='bbox 858 1824 979 1911; x_wconf 70' lang='grc' dir='ltr'><strong><em>πολέμῳ</em></strong></span> <span class='ocrx_word' id='word_1_87' title='bbox 1000 1831 1084 1914; x_wconf 90' lang='lat' dir='ltr'><strong>quod</strong></span> <span class='ocrx_word' id='word_1_88' title='bbox 1105 1829 1248 1914; x_wconf 79' lang='lat' dir='ltr'><strong>sequitur.</strong></span> <span class='ocrx_word' id='word_1_89' title='bbox 1289 1831 1351 1898; x_wconf 83' lang='lat' dir='ltr'><strong>Sed</strong></span> <span class='ocrx_word' id='word_1_90' title='bbox 1372 1831 1527 1918; x_wconf 82' lang='lat' dir='ltr'><strong>particula</strong></span> <span class='ocrx_word' id='word_1_91' title='bbox 1543 1829 1603 1912; x_wconf 74' lang='lat' dir='ltr'><strong>ptr,</strong></span> 
     </span>
     <span class='ocr_line' id='line_1_13' title="bbox 608 1929 1605 2024; baseline 0 -21"><span class='ocrx_word' id='word_1_92' title='bbox 608 1959 701 2024; x_wconf 86' lang='lat' dir='ltr'><strong>quam</strong></span> <span class='ocrx_word' id='word_1_93' title='bbox 718 1937 887 2021; x_wconf 82' lang='lat' dir='ltr'><strong>agnoscunt</strong></span> <span class='ocrx_word' id='word_1_94' title='bbox 902 1957 1010 2000; x_wconf 85' lang='lat' dir='ltr'><strong>ornnes</strong></span> <span class='ocrx_word' id='word_1_95' title='bbox 1024 1937 1056 1999; x_wconf 91' lang='lat' dir='ltr'><strong>in</strong></span> <span class='ocrx_word' id='word_1_96' title='bbox 1076 1929 1132 2011; x_wconf 67' lang='lat' dir='ltr'><strong>raia</strong></span> <span class='ocrx_word' id='word_1_97' title='bbox 1151 1937 1209 2016; x_wconf 77' lang='grc' dir='ltr'><strong>μὲν</strong></span> <span class='ocrx_word' id='word_1_98' title='bbox 1227 1929 1303 2022; x_wconf 68' lang='lat' dir='ltr'><strong>vulp,</strong></span> <span class='ocrx_word' id='word_1_99' title='bbox 1330 1937 1497 2006; x_wconf 65' lang='lat' dir='ltr'><strong>nuceriano</strong></span> <span class='ocrx_word' id='word_1_100' title='bbox 1512 1933 1605 2022; x_wconf 69' lang='lat' dir='ltr'><strong>requi</strong></span> 
     </span>
     <span class='ocr_line' id='line_1_14' title="bbox 608 2041 1604 2128; baseline -0.003 -17"><span class='ocrx_word' id='word_1_101' title='bbox 608 2067 679 2111; x_wconf 87' lang='lat' dir='ltr'><strong>rere</strong></span> <span class='ocrx_word' id='word_1_102' title='bbox 694 2047 725 2108; x_wconf 91' lang='lat' dir='ltr'><strong>in</strong></span> <span class='ocrx_word' id='word_1_103' title='bbox 751 2044 944 2127; x_wconf 77' lang='lat' dir='ltr'><strong>sequentibus</strong></span> <span class='ocrx_word' id='word_1_104' title='bbox 965 2042 1146 2125; x_wconf 78' lang='lat' dir='ltr'><strong>particulam</strong></span> <span class='ocrx_word' id='word_1_105' title='bbox 1168 2044 1392 2112; x_wconf 65' lang='lat' dir='ltr'><strong>dividebatur:</strong></span> <span class='ocrx_word' id='word_1_106' title='bbox 1420 2045 1455 2113; x_wconf 73' lang='grc' dir='ltr'><strong>ἃ</strong></span> <span class='ocrx_word' id='word_1_107' title='bbox 1474 2045 1530 2112; x_wconf 77' lang='lat' dir='ltr'><strong>illa</strong></span> <span class='ocrx_word' id='word_1_108' title='bbox 1546 2041 1604 2128; x_wconf 87' lang='lat' dir='ltr'><strong>qui-</strong></span> 
     </span>
     <span class='ocr_line' id='line_1_15' title="bbox 609 2145 1605 2238; baseline -0.002 -22"><span class='ocrx_word' id='word_1_109' title='bbox 609 2155 697 2228; x_wconf 85' lang='lat' dir='ltr'><strong>dem,</strong></span> <span class='ocrx_word' id='word_1_110' title='bbox 718 2169 788 2234; x_wconf 88' lang='lat' dir='ltr'><strong>quae</strong></span> <span class='ocrx_word' id='word_1_111' title='bbox 802 2150 892 2212; x_wconf 90' lang='lat' dir='ltr'><strong>initio</strong></span> <span class='ocrx_word' id='word_1_112' title='bbox 904 2167 969 2232; x_wconf 74' lang='lat' dir='ltr'><strong>cap.</strong></span> <span class='ocrx_word' id='word_1_113' title='bbox 993 2149 1055 2232; x_wconf 84' lang='lat' dir='ltr'><strong>seq.</strong></span> <span class='ocrx_word' id='word_1_114' title='bbox 1078 2148 1145 2232; x_wconf 87' lang='lat' dir='ltr'><strong>post</strong></span> <span class='ocrx_word' id='word_1_115' title='bbox 1169 2145 1388 2234; x_wconf 70' lang='grc' dir='ltr'><strong>προπεσόντος</strong></span> <span class='ocrx_word' id='word_1_116' title='bbox 1407 2154 1541 2238; x_wconf 81' lang='lat' dir='ltr'><strong>legitur,</strong></span> <span class='ocrx_word' id='word_1_117' title='bbox 1565 2148 1605 2214; x_wconf 87' lang='lat' dir='ltr'><strong>ni·</strong></span> 
     </span>
     <span class='ocr_line' id='line_1_16' title="bbox 610 2254 1605 2342; baseline -0.006 -18"><span class='ocrx_word' id='word_1_118' title='bbox 610 2260 671 2324; x_wconf 88' lang='lat' dir='ltr'><strong>mis</strong></span> <span class='ocrx_word' id='word_1_119' title='bbox 686 2267 806 2332; x_wconf 84' lang='lat' dir='ltr'><strong>remota</strong></span> <span class='ocrx_word' id='word_1_120' title='bbox 820 2257 959 2332; x_wconf 86' lang='lat' dir='ltr'><strong>videtur,</strong></span> <span class='ocrx_word' id='word_1_121' title='bbox 982 2267 1123 2338; x_wconf 80' lang='lat' dir='ltr'><strong>quarunt</strong></span> <span class='ocrx_word' id='word_1_122' title='bbox 1143 2257 1211 2341; x_wconf 89' lang='lat' dir='ltr'><strong>post</strong></span> <span class='ocrx_word' id='word_1_123' title='bbox 1228 2254 1387 2342; x_wconf 71' lang='lat' dir='ltr'><strong>interjeiba</strong></span> <span class='ocrx_word' id='word_1_124' title='bbox 1409 2259 1503 2324; x_wconf 84' lang='lat' dir='ltr'><strong>verba</strong></span> <span class='ocrx_word' id='word_1_125' title='bbox 1521 2277 1605 2342; x_wconf 64' lang='lat' dir='ltr'><strong>epea«</strong></span> 
     </span>
     <span class='ocr_line' id='line_1_17' title="bbox 608 2351 1606 2451; baseline -0.002 -21"><span class='ocrx_word' id='word_1_126' title='bbox 608 2365 702 2432; x_wconf 72' lang='grc' dir='ltr'><strong><em>δοκῶν</em></strong></span> <span class='ocrx_word' id='word_1_127' title='bbox 715 2364 764 2451; x_wconf 65' lang='grc' dir='ltr'><strong>τῇ</strong></span> <span class='ocrx_word' id='word_1_128' title='bbox 777 2361 838 2426; x_wconf 78' lang='grc' dir='ltr'><strong>διε.</strong></span> <span class='ocrx_word' id='word_1_129' title='bbox 861 2363 899 2426; x_wconf 89' lang='lat' dir='ltr'><strong>ad</strong></span> <span class='ocrx_word' id='word_1_130' title='bbox 911 2351 1067 2438; x_wconf 73' lang='lat' dir='ltr'><strong>illam&#39;plt</strong></span> <span class='ocrx_word' id='word_1_131' title='bbox 1078 2363 1185 2428; x_wconf 86' lang='lat' dir='ltr'><strong>referri</strong></span> <span class='ocrx_word' id='word_1_132' title='bbox 1198 2363 1298 2448; x_wconf 84' lang='lat' dir='ltr'><strong>poffit.</strong></span> <span class='ocrx_word' id='word_1_133' title='bbox 1340 2362 1454 2428; x_wconf 84' lang='lat' dir='ltr'><strong>Rursus</strong></span> <span class='ocrx_word' id='word_1_134' title='bbox 1469 2383 1557 2442; x_wconf 86' lang='lat' dir='ltr'><strong>vero,</strong></span> <span class='ocrx_word' id='word_1_135' title='bbox 1576 2362 1606 2428; x_wconf 82' lang='lat' dir='ltr'><strong>iu</strong></span> 
     </span>
     <span class='ocr_line' id='line_1_18' title="bbox 606 2469 1605 2553; baseline -0.004 -17"><span class='ocrx_word' id='word_1_136' title='bbox 606 2475 711 2536; x_wconf 83' lang='lat' dir='ltr'><strong>verbis</strong></span> <span class='ocrx_word' id='word_1_137' title='bbox 720 2471 783 2536; x_wconf 91' lang='lat' dir='ltr'><strong>istis</strong></span> <span class='ocrx_word' id='word_1_138' title='bbox 792 2469 856 2532; x_wconf 78' lang='lat' dir='ltr'><strong>nel</strong></span> <span class='ocrx_word' id='word_1_139' title='bbox 876 2471 953 2541; x_wconf 72' lang='grc' dir='ltr'><strong>ταῖς</strong></span> <span class='ocrx_word' id='word_1_140' title='bbox 966 2470 1355 2553; x_wconf 65' lang='lat' dir='ltr'><strong>quidlateatquaerendutn</strong></span> <span class='ocrx_word' id='word_1_141' title='bbox 1368 2471 1605 2553; x_wconf 69' lang='lat' dir='ltr'><strong>poterimusne</strong></span> 
     </span>
     <span class='ocr_line' id='line_1_19' title="bbox 605 2573 1605 2662; baseline -0.003 -17"><span class='ocrx_word' id='word_1_142' title='bbox 605 2580 666 2645; x_wconf 84' lang='lat' dir='ltr'><strong>luit</strong></span> <span class='ocrx_word' id='word_1_143' title='bbox 675 2599 769 2662; x_wconf 91' lang='lat' dir='ltr'><strong>quum</strong></span> <span class='ocrx_word' id='word_1_144' title='bbox 781 2577 929 2660; x_wconf 74' lang='grc' dir='ltr'><strong>καιροῖς</strong></span> <span class='ocrx_word' id='word_1_145' title='bbox 943 2576 974 2638; x_wconf 84' lang='lat' dir='ltr'><strong>in</strong></span> <span class='ocrx_word' id='word_1_146' title='bbox 982 2575 1028 2640; x_wconf 88' lang='lat' dir='ltr'><strong>eis</strong></span> <span class='ocrx_word' id='word_1_147' title='bbox 1034 2576 1132 2640; x_wconf 85' lang='lat' dir='ltr'><strong>latere</strong></span> <span class='ocrx_word' id='word_1_148' title='bbox 1143 2575 1369 2660; x_wconf 85' lang='lat' dir='ltr'><strong>suspicaremur,</strong></span> <span class='ocrx_word' id='word_1_149' title='bbox 1379 2573 1605 2660; x_wconf 76' lang='lat' dir='ltr'><strong>quamquanit</strong></span> 
     </span>
     <span class='ocr_line' id='line_1_20' title="bbox 605 2680 1604 2771; baseline -0.005 -20"><span class='ocrx_word' id='word_1_150' title='bbox 605 2686 705 2771; x_wconf 89' lang='lat' dir='ltr'><strong>ipsum</strong></span> <span class='ocrx_word' id='word_1_151' title='bbox 719 2687 812 2749; x_wconf 87' lang='lat' dir='ltr'><strong>etiarn</strong></span> <span class='ocrx_word' id='word_1_152' title='bbox 829 2681 869 2746; x_wconf 86' lang='lat' dir='ltr'><strong>stc</strong></span> <span class='ocrx_word' id='word_1_153' title='bbox 884 2682 1062 2748; x_wconf 87' lang='lat' dir='ltr'><strong>mendosum</strong></span> <span class='ocrx_word' id='word_1_154' title='bbox 1076 2681 1167 2745; x_wconf 83' lang='lat' dir='ltr'><strong>soret.</strong></span> <span class='ocrx_word' id='word_1_155' title='bbox 1211 2681 1272 2750; x_wconf 79' lang='lat' dir='ltr'><strong>seu</strong></span> <span class='ocrx_word' id='word_1_156' title='bbox 1289 2680 1470 2746; x_wconf 85' lang='lat' dir='ltr'><strong>fibariolari</strong></span> <span class='ocrx_word' id='word_1_157' title='bbox 1489 2683 1604 2758; x_wconf 89' lang='lat' dir='ltr'><strong>liceret,</strong></span> 
     </span>
     <span class='ocr_line' id='line_1_21' title="bbox 605 2781 1606 2876; baseline -0.002 -18"><span class='ocrx_word' id='word_1_158' title='bbox 605 2795 832 2876; x_wconf 79' lang='lat' dir='ltr'><strong>conjiceremus</strong></span> <span class='ocrx_word' id='word_1_159' title='bbox 842 2791 974 2873; x_wconf 84' lang='lat' dir='ltr'><strong>quidem,</strong></span> <span class='ocrx_word' id='word_1_160' title='bbox 993 2782 1065 2872; x_wconf 65' lang='lat' dir='ltr'><strong>apic</strong></span> <span class='ocrx_word' id='word_1_161' title='bbox 1079 2781 1280 2871; x_wconf 70' lang='lat' dir='ltr'><strong>rrbcaotpotlt,</strong></span> <span class='ocrx_word' id='word_1_162' title='bbox 1302 2799 1356 2855; x_wconf 86' lang='lat' dir='ltr'><strong>aut</strong></span> <span class='ocrx_word' id='word_1_163' title='bbox 1369 2792 1405 2852; x_wconf 71' lang='lat' dir='ltr'><strong>tn</strong></span> <span class='ocrx_word' id='word_1_164' title='bbox 1415 2787 1476 2852; x_wconf 66' lang='grc' dir='ltr'><strong>τῶν</strong></span> <span class='ocrx_word' id='word_1_165' title='bbox 1486 2789 1606 2874; x_wconf 65' lang='grc' dir='ltr'><strong>καιρῶν.</strong></span> 
     </span>
     <span class='ocr_line' id='line_1_22' title="bbox 603 2890 1603 2979; baseline -0.005 -16"><span class='ocrx_word' id='word_1_166' title='bbox 603 2897 726 2964; x_wconf 86' lang='lat' dir='ltr'><strong>sortasse</strong></span> <span class='ocrx_word' id='word_1_167' title='bbox 743 2900 835 2962; x_wconf 86' lang='lat' dir='ltr'><strong>ctiam</strong></span> <span class='ocrx_word' id='word_1_168' title='bbox 850 2890 903 2960; x_wconf 71' lang='lat' dir='ltr'><strong>aab</strong></span> <span class='ocrx_word' id='word_1_169' title='bbox 917 2899 1028 2979; x_wconf 66' lang='grc' dir='ltr'><strong>καιροῖς</strong></span> <span class='ocrx_word' id='word_1_170' title='bbox 1042 2895 1179 2978; x_wconf 77' lang='lat' dir='ltr'><strong>scripsisse</strong></span> <span class='ocrx_word' id='word_1_171' title='bbox 1195 2896 1376 2978; x_wconf 87' lang='lat' dir='ltr'><strong>Polybium,</strong></span> <span class='ocrx_word' id='word_1_172' title='bbox 1397 2916 1435 2960; x_wconf 87' lang='lat' dir='ltr'><strong>ea</strong></span> <span class='ocrx_word' id='word_1_173' title='bbox 1457 2893 1603 2960; x_wconf 77' lang='lat' dir='ltr'><strong>sententia</strong></span> 
     </span>
     <span class='ocr_line' id='line_1_23' title="bbox 605 2999 1600 3094; baseline -0.003 -25"><span class='ocrx_word' id='word_1_174' title='bbox 605 3026 698 3089; x_wconf 86' lang='lat' dir='ltr'><strong>quam</strong></span> <span class='ocrx_word' id='word_1_175' title='bbox 709 3006 813 3072; x_wconf 82' lang='lat' dir='ltr'><strong>Livius</strong></span> <span class='ocrx_word' id='word_1_176' title='bbox 828 3004 877 3066; x_wconf 86' lang='lat' dir='ltr'><strong>his</strong></span> <span class='ocrx_word' id='word_1_177' title='bbox 893 3005 993 3066; x_wconf 88' lang='lat' dir='ltr'><strong>verbis</strong></span> <span class='ocrx_word' id='word_1_178' title='bbox 1009 3001 1167 3086; x_wconf 81' lang='lat' dir='ltr'><strong>expreffit:</strong></span> <span class='ocrx_word' id='word_1_179' title='bbox 1188 2999 1372 3094; x_wconf 69' lang='lat' dir='ltr'><strong>Legationes</strong></span> <span class='ocrx_word' id='word_1_180' title='bbox 1391 3001 1530 3070; x_wconf 72' lang='lat' dir='ltr'><strong>dimittit.</strong></span> <span class='ocrx_word' id='word_1_181' title='bbox 1543 3005 1600 3085; x_wconf 81' lang='lat' dir='ltr'><strong>pol-</strong></span> 
     </span>
     <span class='ocr_line' id='line_1_24' title="bbox 604 3105 1602 3194; baseline -0.002 -18"><span class='ocrx_word' id='word_1_182' title='bbox 604 3114 721 3187; x_wconf 81' lang='lat' dir='ltr'><strong>licitus,</strong></span> <span class='ocrx_word' id='word_1_183' title='bbox 755 3121 878 3193; x_wconf 84' lang='lat' dir='ltr'><strong>prout</strong></span> <span class='ocrx_word' id='word_1_184' title='bbox 909 3119 1055 3190; x_wconf 81' lang='lat' dir='ltr'><strong>tempus</strong></span> <span class='ocrx_word' id='word_1_185' title='bbox 1083 3105 1434 3194; x_wconf 61' lang='lat' dir='ltr'><strong>corroserunt,</strong></span> <span class='ocrx_word' id='word_1_186' title='bbox 1468 3111 1602 3174; x_wconf 72' lang='lat' dir='ltr'><strong>omuibus</strong></span> 
     </span>
     <span class='ocr_line' id='line_1_25' title="bbox 602 3212 1646 3306; baseline -0.004 -22"><span class='ocrx_word' id='word_1_187' title='bbox 602 3218 738 3285; x_wconf 81' lang='lat' dir='ltr'><strong>laturum</strong></span> <span class='ocrx_word' id='word_1_188' title='bbox 750 3214 786 3300; x_wconf 79' lang='lat' dir='ltr'><strong>sc</strong></span> <span class='ocrx_word' id='word_1_189' title='bbox 807 3217 965 3281; x_wconf 75' lang='lat' dir='ltr'><strong>auxilinm.</strong></span> <span class='ocrx_word' id='word_1_190' title='bbox 994 3215 1037 3280; x_wconf 85' lang='lat' dir='ltr'><strong>Et</strong></span> <span class='ocrx_word' id='word_1_191' title='bbox 1049 3215 1139 3297; x_wconf 89' lang='lat' dir='ltr'><strong>plane</strong></span> <span class='ocrx_word' id='word_1_192' title='bbox 1151 3212 1341 3280; x_wconf 83' lang='lat' dir='ltr'><strong>srelubentes</strong></span> <span class='ocrx_word' id='word_1_193' title='bbox 1350 3218 1429 3298; x_wconf 90' lang='lat' dir='ltr'><strong>apud</strong></span> <span class='ocrx_word' id='word_1_194' title='bbox 1441 3217 1601 3298; x_wconf 78' lang='lat' dir='ltr'><strong>Polybium</strong></span> <span class='ocrx_word' id='word_1_195' title='bbox 1644 3281 1646 3306; x_wconf 28' lang='grc' dir='ltr'>ἶ</span> 
     </span>
     <span class='ocr_line' id='line_1_26' title="bbox 601 3313 1646 3408; baseline -0.004 -20"><span class='ocrx_word' id='word_1_196' title='bbox 601 3313 1416 3408; x_wconf 52' lang='grc' dir='ltr'><strong>Ιεςξετεπιιιειτοέςμὲνγαὲρπρεσβεὶκςοῖπέλυσε,πᾶσι</strong></span> <span class='ocrx_word' id='word_1_197' title='bbox 1437 3316 1503 3386; x_wconf 72' lang='grc' dir='ltr'><strong>σὸν</strong></span> <span class='ocrx_word' id='word_1_198' title='bbox 1526 3325 1601 3392; x_wconf 71' lang='grc' dir='ltr'><strong>τοῖς</strong></span> <span class='ocrx_word' id='word_1_199' title='bbox 1644 3359 1646 3366; x_wconf 88' lang='grc'>-</span> 
     </span>
     <span class='ocr_line' id='line_1_27' title="bbox 599 3421 1598 3515; baseline -0.001 -22"><span class='ocrx_word' id='word_1_200' title='bbox 599 3434 756 3515; x_wconf 72' lang='grc' dir='ltr'><strong>καιροῖς</strong></span> <span class='ocrx_word' id='word_1_201' title='bbox 777 3431 845 3508; x_wconf 87' lang='lat' dir='ltr'><strong>(vel</strong></span> <span class='ocrx_word' id='word_1_202' title='bbox 860 3430 978 3491; x_wconf 71' lang='grc' dir='ltr'><em>πᾶσιν</em></span> <span class='ocrx_word' id='word_1_203' title='bbox 999 3431 1043 3490; x_wconf 81' lang='grc' dir='ltr'><strong>ἐκ</strong></span> <span class='ocrx_word' id='word_1_204' title='bbox 1065 3428 1136 3489; x_wconf 73' lang='grc' dir='ltr'><strong>τῶν</strong></span> <span class='ocrx_word' id='word_1_205' title='bbox 1157 3429 1321 3512; x_wconf 71' lang='grc' dir='ltr'><strong>καιρῶν)</strong></span> <span class='ocrx_word' id='word_1_206' title='bbox 1336 3424 1376 3492; x_wconf 79' lang='lat' dir='ltr'><strong>rai</strong></span> <span class='ocrx_word' id='word_1_207' title='bbox 1396 3421 1598 3511; x_wconf 59' lang='lat' dir='ltr'><strong>suuxrinenl·</strong></span> 
     </span>
     <span class='ocr_line' id='line_1_28' title="bbox 597 3528 1598 3618; baseline -0.004 -16"><span class='ocrx_word' id='word_1_208' title='bbox 597 3561 661 3603; x_wconf 72' lang='lat' dir='ltr'><strong>orit</strong></span> <span class='ocrx_word' id='word_1_209' title='bbox 688 3528 942 3613; x_wconf 63' lang='lat' dir='ltr'><strong>trarselspavat·</strong></span> <span class='ocrx_word' id='word_1_210' title='bbox 985 3536 1027 3617; x_wconf 77' lang='grc' dir='ltr'><strong>τῷ</strong></span> <span class='ocrx_word' id='word_1_211' title='bbox 1055 3535 1095 3598; x_wconf 78' lang='grc' dir='ltr'><strong>δὲ</strong></span> <span class='ocrx_word' id='word_1_212' title='bbox 1121 3533 1244 3618; x_wconf 77' lang='grc' dir='ltr'>πολέμῳ</span> <span class='ocrx_word' id='word_1_213' title='bbox 1261 3535 1322 3602; x_wconf 77' lang='lat' dir='ltr'><strong>&amp;c</strong></span> <span class='ocrx_word' id='word_1_214' title='bbox 1365 3536 1462 3614; x_wconf 86' lang='lat' dir='ltr'><strong>Nam,</strong></span> <span class='ocrx_word' id='word_1_215' title='bbox 1491 3557 1598 3599; x_wconf 82' lang='lat' dir='ltr'><strong>verum</strong></span> 
     </span>
     <span class='ocr_line' id='line_1_29' title="bbox 598 3634 1599 3726; baseline -0.005 -17"><span class='ocrx_word' id='word_1_216' title='bbox 598 3657 636 3710; x_wconf 91' lang='lat' dir='ltr'><strong>ut</strong></span> <span class='ocrx_word' id='word_1_217' title='bbox 649 3645 807 3718; x_wconf 80' lang='lat' dir='ltr'><strong>fateamur,</strong></span> <span class='ocrx_word' id='word_1_218' title='bbox 829 3636 940 3712; x_wconf 65' lang='lat' dir='ltr'><strong>atltae</strong></span> <span class='ocrx_word' id='word_1_219' title='bbox 954 3643 1035 3708; x_wconf 86' lang='lat' dir='ltr'><strong>haud</strong></span> <span class='ocrx_word' id='word_1_220' title='bbox 1050 3643 1147 3706; x_wconf 79' lang='lat' dir='ltr'><strong>inulto</strong></span> <span class='ocrx_word' id='word_1_221' title='bbox 1161 3644 1280 3724; x_wconf 87' lang='lat' dir='ltr'><strong>magis,</strong></span> <span class='ocrx_word' id='word_1_222' title='bbox 1313 3663 1405 3726; x_wconf 85' lang='lat' dir='ltr'><strong>quam</strong></span> <span class='ocrx_word' id='word_1_223' title='bbox 1418 3634 1520 3712; x_wconf 67' lang='grc' dir='ltr'><strong>παίσας</strong></span> <span class='ocrx_word' id='word_1_224' title='bbox 1539 3643 1599 3726; x_wconf 61' lang='lat' dir='ltr'><strong>pla„</strong></span> 
     </span>
     <span class='ocr_line' id='line_1_30' title="bbox 597 3747 1596 3830; baseline -0.003 -15"><span class='ocrx_word' id='word_1_225' title='bbox 597 3765 667 3825; x_wconf 80' lang='lat' dir='ltr'><strong>eet3</strong></span> <span class='ocrx_word' id='word_1_226' title='bbox 691 3751 723 3816; x_wconf 66' lang='grc' dir='ltr'>ἀ</span> <span class='ocrx_word' id='word_1_227' title='bbox 737 3752 874 3813; x_wconf 84' lang='lat' dir='ltr'><strong>dativum</strong></span> <span class='ocrx_word' id='word_1_228' title='bbox 889 3749 1009 3823; x_wconf 86' lang='lat' dir='ltr'><strong>casum,</strong></span> <span class='ocrx_word' id='word_1_229' title='bbox 1029 3750 1082 3830; x_wconf 90' lang='lat' dir='ltr'><strong>qui</strong></span> <span class='ocrx_word' id='word_1_230' title='bbox 1101 3749 1163 3812; x_wconf 86' lang='lat' dir='ltr'><strong>hoc</strong></span> <span class='ocrx_word' id='word_1_231' title='bbox 1185 3747 1256 3810; x_wconf 91' lang='lat' dir='ltr'><strong>loco</strong></span> <span class='ocrx_word' id='word_1_232' title='bbox 1276 3749 1507 3828; x_wconf 84' lang='lat' dir='ltr'><strong>requirebatur,</strong></span> <span class='ocrx_word' id='word_1_233' title='bbox 1534 3767 1596 3812; x_wconf 89' lang='lat' dir='ltr'><strong>nou</strong></span> 
     </span>
     <span class='ocr_line' id='line_1_31' title="bbox 595 3845 1596 3938; baseline -0.003 -17"><span class='ocrx_word' id='word_1_234' title='bbox 595 3865 659 3922; x_wconf 82' lang='lat' dir='ltr'><strong>tam</strong></span> <span class='ocrx_word' id='word_1_235' title='bbox 674 3859 710 3920; x_wconf 88' lang='lat' dir='ltr'><strong>ab</strong></span> <span class='ocrx_word' id='word_1_236' title='bbox 727 3849 988 3934; x_wconf 66' lang='lat' dir='ltr'><strong>tratt‘arlipevet,</strong></span> <span class='ocrx_word' id='word_1_237' title='bbox 1017 3874 1109 3937; x_wconf 86' lang='lat' dir='ltr'><strong>quum</strong></span> <span class='ocrx_word' id='word_1_238' title='bbox 1129 3877 1147 3916; x_wconf 87' lang='lat' dir='ltr'><strong>a</strong></span> <span class='ocrx_word' id='word_1_239' title='bbox 1166 3854 1261 3918; x_wconf 86' lang='lat' dir='ltr'><strong>verbo</strong></span> <span class='ocrx_word' id='word_1_240' title='bbox 1282 3845 1434 3934; x_wconf 71' lang='grc' dir='ltr'><strong>ποιήσειν,</strong></span> <span class='ocrx_word' id='word_1_241' title='bbox 1463 3857 1596 3938; x_wconf 84' lang='lat' dir='ltr'><strong>pendere</strong></span> 
     </span>
     <span class='ocr_line' id='line_1_32' title="bbox 596 3957 1596 4046; baseline -0.003 -20"><span class='ocrx_word' id='word_1_242' title='bbox 596 3966 710 4026; x_wconf 87' lang='lat' dir='ltr'><strong>debere</strong></span> <span class='ocrx_word' id='word_1_243' title='bbox 724 3976 878 4046; x_wconf 75' lang='lat' dir='ltr'><strong>putemuS.</strong></span> <span class='ocrx_word' id='word_1_244' title='bbox 921 3961 983 4024; x_wconf 89' lang='lat' dir='ltr'><strong>lam</strong></span> <span class='ocrx_word' id='word_1_245' title='bbox 995 3979 1137 4022; x_wconf 83' lang='lat' dir='ltr'><strong>vcrouon</strong></span> <span class='ocrx_word' id='word_1_246' title='bbox 1147 3957 1346 4042; x_wconf 78' lang='lat' dir='ltr'><strong>legationibus</strong></span> <span class='ocrx_word' id='word_1_247' title='bbox 1358 3961 1491 4034; x_wconf 82' lang='lat' dir='ltr'><strong>laturum</strong></span> <span class='ocrx_word' id='word_1_248' title='bbox 1505 3961 1536 4024; x_wconf 86' lang='lat' dir='ltr'><strong>se</strong></span> <span class='ocrx_word' id='word_1_249' title='bbox 1547 3980 1596 4024; x_wconf 92' lang='lat' dir='ltr'><strong>au·</strong></span> 
     </span>
     <span class='ocr_line' id='line_1_33' title="bbox 594 4061 1597 4152; baseline -0.001 -20"><span class='ocrx_word' id='word_1_250' title='bbox 594 4072 702 4134; x_wconf 77' lang='lat' dir='ltr'><strong>xillum</strong></span> <span class='ocrx_word' id='word_1_251' title='bbox 718 4070 874 4152; x_wconf 83' lang='lat' dir='ltr'><strong>pollicitus</strong></span> <span class='ocrx_word' id='word_1_252' title='bbox 889 4066 946 4140; x_wconf 89' lang='lat' dir='ltr'><strong>est,</strong></span> <span class='ocrx_word' id='word_1_253' title='bbox 969 4067 1020 4130; x_wconf 89' lang='lat' dir='ltr'><strong>sed</strong></span> <span class='ocrx_word' id='word_1_254' title='bbox 1033 4061 1126 4150; x_wconf 79' lang='lat' dir='ltr'><strong>sociis</strong></span> <span class='ocrx_word' id='word_1_255' title='bbox 1146 4067 1199 4147; x_wconf 93' lang='lat' dir='ltr'><strong>qui</strong></span> <span class='ocrx_word' id='word_1_256' title='bbox 1221 4066 1289 4128; x_wconf 91' lang='lat' dir='ltr'><strong>illas</strong></span> <span class='ocrx_word' id='word_1_257' title='bbox 1306 4067 1466 4133; x_wconf 83' lang='lat' dir='ltr'><strong>miserant:</strong></span> <span class='ocrx_word' id='word_1_258' title='bbox 1494 4069 1597 4151; x_wconf 83' lang='lat' dir='ltr'><strong>itaque</strong></span> 
     </span>
     <span class='ocr_line' id='line_1_34' title="bbox 592 4165 1596 4258; baseline -0.006 -17"><span class='ocrx_word' id='word_1_259' title='bbox 592 4178 687 4241; x_wconf 69' lang='lat' dir='ltr'><strong>arion</strong></span> <span class='ocrx_word' id='word_1_260' title='bbox 699 4176 944 4258; x_wconf 82' lang='lat' dir='ltr'><strong>intelligeremus</strong></span> <span class='ocrx_word' id='word_1_261' title='bbox 955 4173 1078 4256; x_wconf 83' lang='lat' dir='ltr'><strong>quidem</strong></span> <span class='ocrx_word' id='word_1_262' title='bbox 1094 4175 1155 4246; x_wconf 77' lang='grc' dir='ltr'><strong>τοῖς</strong></span> <span class='ocrx_word' id='word_1_263' title='bbox 1176 4165 1359 4254; x_wconf 49' lang='grc' dir='ltr'><strong><em>συμμάχου»</em></strong></span> <span class='ocrx_word' id='word_1_264' title='bbox 1380 4165 1596 4248; x_wconf 56' lang='lat' dir='ltr'><strong>alternent„</strong></span> 
     </span>
     <span class='ocr_line' id='line_1_35' title="bbox 592 4273 1594 4364; baseline -0.004 -19"><span class='ocrx_word' id='word_1_265' title='bbox 592 4306 681 4364; x_wconf 78' lang='grc' dir='ltr'><em>μενος</em></span> <span class='ocrx_word' id='word_1_266' title='bbox 709 4302 783 4344; x_wconf 85' lang='lat' dir='ltr'><strong>vero</strong></span> <span class='ocrx_word' id='word_1_267' title='bbox 804 4280 892 4342; x_wconf 84' lang='lat' dir='ltr'><strong>sacile</strong></span> <span class='ocrx_word' id='word_1_268' title='bbox 919 4278 1154 4362; x_wconf 78' lang='lat' dir='ltr'><strong>subintelligitur</strong></span> <span class='ocrx_word' id='word_1_269' title='bbox 1177 4273 1296 4357; x_wconf 70' lang='grc' dir='ltr'><strong>αὐταῖς,</strong></span> <span class='ocrx_word' id='word_1_270' title='bbox 1333 4280 1393 4343; x_wconf 84' lang='lat' dir='ltr'><strong>scil.</strong></span> <span class='ocrx_word' id='word_1_271' title='bbox 1416 4282 1483 4354; x_wconf 66' lang='grc' dir='ltr'><strong>πᾶς</strong></span> <span class='ocrx_word' id='word_1_272' title='bbox 1504 4301 1594 4363; x_wconf 68' lang='lat' dir='ltr'><strong>epea·</strong></span> 
     </span>
     <span class='ocr_line' id='line_1_36' title="bbox 591 4383 1595 4476; baseline -0.009 -20"><span class='ocrx_word' id='word_1_273' title='bbox 591 4383 696 4476; x_wconf 69' lang='lat' dir='ltr'><strong>petat.</strong></span> <span class='ocrx_word' id='word_1_274' title='bbox 741 4387 904 4463; x_wconf 84' lang='lat' dir='ltr'><strong>Ceterum,</strong></span> <span class='ocrx_word' id='word_1_275' title='bbox 933 4386 1081 4471; x_wconf 89' lang='lat' dir='ltr'><strong>quidlibet</strong></span> <span class='ocrx_word' id='word_1_276' title='bbox 1101 4385 1258 4464; x_wconf 80' lang='lat' dir='ltr'><strong>statueris,</strong></span> <span class='ocrx_word' id='word_1_277' title='bbox 1290 4387 1372 4456; x_wconf 87' lang='lat' dir='ltr'><strong>baud</strong></span> <span class='ocrx_word' id='word_1_278' title='bbox 1390 4387 1482 4460; x_wconf 85' lang='lat' dir='ltr'><strong>dubia</strong></span> <span class='ocrx_word' id='word_1_279' title='bbox 1502 4387 1595 4450; x_wconf 81' lang='lat' dir='ltr'><strong>strerit</strong></span> 
     </span>
    </p>

    <p class='ocr_par' dir='ltr' id='par_1_3' title="bbox 1504 4493 1597 4575">
     <span class='ocr_line' id='line_1_37' title="bbox 1504 4493 1597 4575; baseline -0.043 -17"><span class='ocrx_word' id='word_1_280' title='bbox 1504 4493 1597 4575; x_wconf 76' lang='lat' dir='ltr'><strong>Poly-</strong></span> 
     </span>
    </p>
   </div>
   <div class='ocr_carea' id='block_1_3' title="bbox 0 0 2046 5484">
    <p class='ocr_par' dir='ltr' id='par_1_4' title="bbox 0 0 2046 5484">
     <span class='ocr_line' id='line_1_38' title="bbox 0 0 2046 5484; baseline 0 11"><span class='ocrx_word' id='word_1_281' title='bbox 0 0 2046 5484; x_wconf 95' lang='lat' dir='ltr'><strong> </strong></span> 
     </span>
    </p>
   </div>
  </div>
 </body>
</html>
