4084 5484
715 637 773 685 nn
794 603 953 684 rot'u.
974 633 1014 682 x.
1033 619 1087 699 4n
1105 630 1160 700 49.
1370 623 1433 697 ρος

506 780 899 874 1ῡὶα.ὑιδγῆν“φίρισθω.
922 786 1104 852 fluviorum
1128 782 1269 869 exempla
1279 784 1436 861 nonnulla,
1458 770 1507 878 v}

441 902 495 967 iub
510 913 621 965 terram
635 897 821 972 labentium,
832 892 866 960 u
880 913 936 978 per
957 892 1081 977 aliquod
1096 891 1224 977 spatium
1242 891 1366 955 oc'culte
1377 891 1435 955 tlu-

442 1009 578 1083 entiurn,
597 1004 727 1087 collegit
745 1000 855 1067 strabo
874 1001 928 1065 lib.
947 998 1003 1067 VI.
1032 1019 1064 1084 p.
1086 1014 1159 1081 275.
1201 996 1349 1063 Eamdem
1369 1016 1436 1062 rena

442 1113 592 1179 Rhodano
607 1111 749 1174 accidere
765 1107 898 1181 constat,
917 1106 999 1172 haud
1010 1106 1055 1171 ita
1067 1103 1177 1191 procul
1190 1126 1208 1169 a
1220 1105 1309 1183 loco,
1329 1104 1383 1170 ubi
1395 1102 1437 1169 la·

443 1239 517 1285 cum
530 1220 698 1286 Lemonum
715 1211 851 1299 egressus
864 1212 917 1279 est.

708 1400 710 1403 ·
746 1403 869 1471 cnr
890 1401 968 1472 vr
1007 1401 1141 1470 xiix
1445 1423 1507 1491 co

508 1528 596 1617 Vas.
613 1552 640 1598 r.
661 1513 852 1616 Ev'iilauov.
872 1529 1054 1609 Ammius,
1068 1528 1171 1614 Syriae
1183 1549 1254 1609 rex,
1274 1530 1364 1596 finito
1377 1530 1440 1597 bel·
1464 1551 1507 1605 vn

445 1639 654 1717 lol'arthico,
674 1642 756 1724 quod
769 1658 837 1722 cap.
850 1645 892 1716 28
907 1637 970 1721 sqq.
989 1637 1080 1721 hujus
1097 1629 1167 1704 libri
1189 1637 1329 1724 exposuit
1350 1638 1440 1723 Poly·

447 1746 536 1825 bius,
568 1746 713 1811 adversus
740 1742 978 1836 hilarianum,
1015 1741 1185 1811 Bustriauae
1210 1765 1335 1831 regern,
1358 1763 1442 1809 arma

446 1853 625 1937 promovit3
648 1854 686 1937 (ie
701 1873 764 1936 quo
783 1851 893 1917 confer
910 1869 981 1935 quae
1000 1851 1147 1937 leguntur
1166 1854 1197 1916 in
1220 1852 1370 1936 Reliquiis
1389 1852 1443 1917 lib.

445 1957 506 2025 Xl.
523 1980 552 2023 c.
569 1974 619 2041 34
648 1959 797 2042 Ejusdem
817 1956 1008 2041 Euthydemi
1027 1959 1169 2023 meminit
1188 1955 1299 2024 Strabo
1318 1958 1371 2023 lib.
1387 1955 1447 2024 XI.

450 2085 481 2152 p.
496 2081 568 2147 514.
596 2065 760 2149 Perperam
772 2065 834 2129 hoc
846 2065 920 2129 loco
932 2056 1107 2150 Ev’iu'inim
1120 2065 1211 2129 habet
1223 2064 1304 2131 solus
1319 2066 1401 2132 llled.

513 2170 595 2237 Ilio.
620 2170 690 2257 rapi
714 2168 953 2256 Ταπουρίαν.
997 2168 1075 2237 Cum
1099 2168 1270 2259 Ταγουρίαν
1291 2171 1387 2257 vulgo
1405 2172 1448 2235 le-

412 2337 414 2342 ,
452 2290 565 2363 gerent
579 2297 706 2355 omnem
728 2294 908 2343 uxrnnrva
921 2278 1085 2357 ·-·„Haurl
1101 2259 1177 2355 icio,
1196 2282 1313 2364 inquit,
1331 2299 1368 2344 nn
1384 2276 1447 2342 Ta-

452 2381 577 2470 πουρίαν
588 2385 755 2469 legendum
768 2383 820 2461 stt,
843 2385 1046 2469 Topyrioram
1059 2387 1227 2469 regionem,
1250 2386 1347 2459 idest,
1370 2385 1449 2450 Tira·

452 2491 671 2580 ὸιενιβιτηαιηέ4
687 2524 730 2539 -
750 2490 871 2556 lleiskii
882 2490 1089 2576 conjesturam
1102 2491 1265 2558 confirmat
1278 2490 1450 2557 Eratosthe-

454 2623 511 2667 nes
533 2602 612 2686 apud
632 2596 815 2664 Strabonem
834 2598 955 2665 unxi
976 2617 1007 2683 p.
1022 2616 1094 2684 514.
1112 2602 1248 2677 docens,
1269 2600 1350 2663 inter
1367 2598 1450 2680 Hyr:

455 2710 575 2774 caniam
586 2706 620 2785 (e
637 2725 699 2791 qua
710 2724 794 2769 nuuc
809 2706 894 2770 venit
909 2705 1100 2782 Antiochus,
1112 2715 1148 2769 ut
1159 2726 1199 2769 ex
1212 2705 1322 2791 Polyb.
1336 2704 1376 2769 X.
1399 2720 1450 2785 31.

454 2816 526 2902 coll.
538 2836 566 2879 c.
580 2819 631 2896 48.
644 2810 860 2896 intelligimus)
869 2810 1085 2895 atqueAriam
1098 2814 1185 2895 (quae
1198 2812 1261 2897 ipsa
1274 2814 1356 2876 inter
1369 2811 1451 2893 llyr-

456 2924 577 2987 caniam
587 2921 620 2986 ἃ
633 2917 823 2984 Bustrianam
835 2916 1016 3003 interjacet)
1032 2913 1192 3004 Ταπύρους
1209 2916 1371 2989 habitasse,
1398 2917 1452 3000 qui

455 3022 603 3113 Tarv'pm
616 3037 764 3092 vocantur
776 3025 858 3110 apud
871 3024 1014 3088 eumdem
1033 3025 1132 3090 Strab.
1149 3045 1181 3110 p.
1196 3037 1286 3107 sto·
1300 3016 1455 3107 Tainaron

445 3139 539 3220 'apud
555 3134 768 3209 Ptolemaeum,
780 3130 814 3198 δι
827 3132 907 3215 apud
919 3129 1043 3198 Arrian.
1055 3134 1095 3196 de
1102 3131 1220 3215 Exped.
1231 3132 1321 3206 Alex.
1335 3128 1458 3197 nulli

460 3264 490 3307 c.
507 3260 557 3324 23.
580 3240 627 3303 De
643 3236 755 3304 eisdem
770 3238 877 3302 confnr
892 3236 1030 3303 Holilen.
1043 3240 1081 3303 ad
1094 3235 1283 3324 Stephanum
1299 3238 1431 3321 Byzant.

522 3344 602 3411 Inid.
626 3334 790 3429 ria''Apm
809 3335 955 3423 τοταμὸν.
997 3340 1070 3409 Arii
1091 3345 1177 3409 iluaii
1198 3344 1284 3410 Ariae
1305 3344 1457 3429 regionis,

442 3475 530 3541 ‘quae
548 3451 717 3519 Bailriunae
731 3452 922 3515 contermina
935 3449 1000 3528 est,
1012 3450 1153 3517 meminit
1170 3450 1279 3516 Strabo
1293 3451 1345 3515 lib.
1358 3448 1414 3514 XI.
1426 3466 1459 3532 p.

464 3579 524 3647 515
539 3573 617 3625 extr.
627 3559 747 3659 0Pliniun
761 3554 818 3623 VI.
833 3572 884 3641 23,
896 3572 945 3639 25.
971 3554 1005 3623 &
1016 3577 1096 3642 quos
1115 3558 1158 3623 ibi
1174 3558 1311 3623 laudavit
1328 3554 1458 3619 ilardui·

463 3689 533 3735 nus.
551 3700 596 3718 -·
609 3665 688 3731 Ilia
710 3655 769 3748 τήν
784 3661 966 3749 πολιορκίαν.
983 3693 993 3712 ·
1010 3663 1103 3732 Vrbis
1123 3683 1254 3742 nomen,
1269 3680 1360 3747 quam
1382 3673 1457 3727 tuuc

464 3774 618 3841 oblidebat
640 3770 833 3848 Antiochus,
860 3771 1069 3837 declaraverat
1087 3770 1237 3855 Polybius
1258 3771 1290 3834 in
1310 3789 1348 3832 ea
1371 3774 1459 3851 parte

464 3882 663 3959 narrationis,
677 3899 770 3964 qnam
793 3875 987 3962 praetermilit
1008 3875 1195 3963 compilator
1214 3877 1326 3942 horum
1345 3872 1461 3939 Excer-

463 4002 600 4074 ptomm.
616 4016 654 4036 ·-
670 3985 749 4049 ltin
765 3977 926 4067 διαβάσεις.
948 3983 1042 4048 Nullo
1054 3987 1149 4049 modo
1163 3984 1360 4049 dubitandum
1376 3980 1461 4046 duxi·

465 4116 551 4166 raus,
575 4095 649 4178 quin
665 4088 947 4175 perspicacillrmam
968 4089 1089 4154 Reislrii
1110 4085 1318 4172 conjeiiuram
1339 4090 1464 4171 adopta·

391 4265 397 4272 .
461 4182 582 4277 remur,
602 4216 694 4285 quam
705 4197 740 4264 u
754 4197 953 4283 grammatica
970 4196 1050 4260 ratio
1063 4195 1236 4281 flagitabat,
1254 4194 1289 4262 &
1301 4192 1463 4260 confirmat

462 4308 498 4374 id
514 4309 597 4391 quod
609 4306 744 4391 sequitur
755 4304 832 4371 vers.
845 4319 867 4389 4
879 4304 921 4388 sq.
939 4300 1031 4370 coni.
1046 4300 1103 4371 lV.
1118 4300 1171 4394 94,
1185 4316 1216 4386 5.
1227 4303 1268 4370 x
1282 4301 1313 4383 6,
1329 4320 1361 4388 γ.
1375 4299 1466 4372 XXI·

472 4434 525 4493 10,
540 4433 572 4497 7.

965 4619 1029 4705 Yy
1050 4639 1069 4703 ³
1383 4617 1469 4704 Vos·
