4084 5484
595 639 660 709 53²
911 637 1283 688 annonanroana

448 750 582 900 τῇ
601 788 722 863 xxvi.
737 785 811 878 40.]
828 793 1088 879 Libyphoenicum
1108 795 1251 880 generis,
1271 793 1418 880 Hippone
1438 791 1613 860 amantur

602 923 695 988 quem
711 904 742 968 in
757 903 863 966 locum
876 902 1076 985 Hippocratis
1098 901 1249 966 Hannibal
1268 902 1300 965 in
1319 902 1458 969 Siciliam
1478 904 1608 976 miserat,

597 1024 639 1077 ut
660 1010 744 1076 testis
764 1008 808 1073 est
823 1010 939 1074 Livius.
982 1007 1041 1071 Hic
1062 1007 1167 1094 postea
1190 1007 1373 1092 praesestura
1392 1009 1443 1073 sua
1462 1009 1609 1096 spotiatus

602 1117 639 1182 ab
653 1117 821 1193 Hannone,
843 1120 880 1178 ad
893 1107 1054 1181 Valerium
1069 1116 1230 1179 Laevinum
1242 1114 1309 1179 Cos,
1322 1116 1496 1200 transfugit,
1518 1119 1607 1200 eique

521 1284 523 1290 .
594 1225 812 1309 ¹Agrigentum
824 1223 977 1306 prodidit,
993 1241 1091 1314 ¹quam
1106 1223 1146 1287 ob
1160 1220 1292 1285 caussam
1307 1223 1434 1287 civitate
1447 1223 1540 1287 Rom.
1556 1225 1605 1286 do·

602 1330 766 1406 natusest,
787 1341 823 1393 ut
837 1341 948 1412 praeter
962 1317 1086 1393 Livium
1098 1328 1151 1392 lib.
1165 1325 1285 1395 XXVI.
1301 1324 1345 1408 [c.
1360 1345 1412 1411 40.
1427 1326 1462 1394 ἃ
1476 1328 1607 1394 XXViL

606 1435 652 1522 5.]
670 1440 762 1502 docet
776 1431 879 1502 Varro
896 1437 975 1520 apud
991 1434 1158 1498 Ascanium
1170 1435 1200 1497 in
1217 1435 1414 1499 Pisonianam.
1456 1433 1607 1508 Mauricae

603 1546 718 1611 dicitur
730 1565 749 1609 a
760 1542 882 1609 Zonara
896 1542 988 1605 Tam.
997 1541 1036 1605 ΙΙ.
1049 1540 1160 1605 Annal.
1172 1541 1214 1604 ea‘
1225 1541 1357 1607 Dione.“
1387 1537 1586 1609 vascasius,

468 1673 541 1741 vars.
550 1674 580 1734 6.
670 1667 754 1753 Vers.
768 1670 799 1736 6.
817 1660 911 1735 O‘v'ra
924 1666 1005 1747 μέγα
1019 1691 1049 1731 τι
1064 1669 1172 1753 χρῆμα
1185 1667 1248 1734 διε.
1271 1702 1315 1716 -
1354 1669 1474 1748 „Hanc
1490 1671 1606 1735 senten·

603 1780 681 1845 tiam
694 1799 734 1840 ex
748 1780 857 1842 codice
866 1776 1016 1844 Vrbinate
1033 1780 1127 1842 refert
1142 1776 1337 1841 Casaubonus
1351 1777 1382 1840 in
1399 1777 1606 1862 Fragmentis,

503 1869 508 1884 ⁵
603 1884 732 1951 &libro
748 1883 802 1949 lx.
824 1884 967 1948 insertam
985 1883 1073 1947 fuisse
1094 1879 1234 1948 testatur:
1261 1905 1301 1947 ex
1318 1904 1381 1968 quo
1395 1895 1502 1967 patet,
1525 1879 1606 1948 reste

602 1990 666 2057 hoc
701 1990 919 2075 Fragmentum
944 1991 1022 2055 libro
1038 1989 1097 2056 IX.
1120 1987 1243 2073 Polybii
1265 2013 1283 2054 a
1303 1993 1394 2056 nobis
1421 1992 1605 2076 adscriptum

603 2096 729 2164 taiue.“
757 2116 954 2164 vauasrva.
980 2129 1024 2144 -
1075 2096 1195 2182 Nempe
1214 2099 1247 2161 in
1268 2099 1337 2162 cod.
1357 2095 1549 2162 Peiresciano
1570 2097 1604 2162 ad

604 2206 681 2270 alias
696 2203 834 2290 Eclogaa
854 2206 885 2269 in
908 2225 965 2268 ora
982 2214 1110 2270 notatas
1129 2216 1195 2272 erat
1216 2225 1364 2284 numerus
1385 2203 1476 2283 libri,
1504 2224 1605 2291 equo

602 2308 708 2377 dutiae
724 2310 838 2390 essent,
860 2313 899 2378 ad
910 2312 984 2376 alias
998 2331 1062 2376 non
1075 2321 1221 2387 notatus,
1247 2310 1281 2376 ἀ
1295 2312 1328 2375 in
1342 2311 1392 2375 hia
1406 2308 1535 2395 quidem
1547 2310 1604 2380 Va·

474 2419 476 2428 '
604 2416 697 2484 lefiua
712 2416 920 2503 conjethrram
933 2429 986 2484 aut
1000 2431 1102 2482 certas
1115 2418 1256 2502 quasdam
1268 2419 1405 2482 rationes
1417 2415 1544 2484 secutus
1559 2419 1605 2482 de·
1644 2405 1646 2410 ¹

602 2523 724 2604 finivit,
752 2528 853 2610 quoad
870 2525 939 2590 sieri
953 2536 1092 2610 poterat,
1115 2515 1153 2588 ass
1168 2545 1331 2608 quemnam
1346 2523 1459 2591 libr'um
1476 2545 1605 2612 quaeque
1644 2573 1646 2602 ,

602 2631 724 2716 Ecloga
736 2634 916 2717 pertineret.
959 2631 1081 2717 Scripta
1100 2653 1175 2697 uero
1189 2632 1259 2696 haec
1281 2632 1430 2697 sententia
1446 2635 1481 2698 in
1499 2633 1606 2700 codice
1643 2609 1646 2636 ⁴

602 2734 754 2806 Vrbinate
767 2740 812 2805 est
825 2742 864 2806 ad
877 2761 964 2805 oram
978 2739 1205 2822 Excerptornm
1220 2759 1259 2802 ex
1274 2739 1352 2803 libro
1361 2733 1418 2804 lX.
1432 2737 1468 2806 ἀ
1480 2742 1605 2828 quidem

601 2863 645 2909 eo
665 2845 731 2908 sere
752 2846 841 2924 loco,
868 2847 920 2911 ubi
940 2844 1049 2911 definit
1069 2843 1260 2930 Excerptnm
1278 2845 1454 2931 Antiquam
1474 2847 1516 2912 de
1530 2849 1605 2912 Arte
1644 2845 1646 2870 ²

600 2948 814 3035 Imperatoria,
836 2972 903 3036 cap.
913 2970 964 3018 21.
977 2952 1010 3017 ἃ
1024 2955 1077 3016 ubi
1090 2954 1199 3037 incipit
1211 2952 1359 3038 Excerpt.
1374 2951 1413 3019 ‘de
1427 2953 1605 3041 Agrigento

602 3076 671 3139 cap.
687 3069 738 3137 27.
782 3059 887 3135 Quare
905 3060 985 3123 hanc
1000 3060 1155 3145 Eclogam
1175 3063 1213 3125 de
1233 3055 1404 3124 Hannibale
1422 3061 1509 3126 inter
1526 3075 1604 3126 utra·

598 3166 663 3248 'rpue
687 3165 739 3228 illa
763 3163 919 3250 Excerpta
940 3164 1133 3232 inseruimus.
1184 3167 1272 3231 Cous.
1295 3178 1400 3232 notata
1419 3169 1460 3232 ad
1479 3167 1604 3232 initium

467 3321 471 3332 .
600 3291 670 3353 cap.
689 3290 736 3337 12.
777 3271 815 3335 In
831 3276 942 3337 eodem
963 3295 1039 3338 vero
1062 3278 1130 3340 cod.
1142 3273 1217 3338 Vrb.
1232 3276 1378 3338 sententia
1398 3273 1453 3338 isa
1465 3273 1516 3339 his
1538 3296 1604 3340 ver·

500 3371 502 3376 ’
599 3376 648 3441 bis
662 3380 879 3461 comprehensa
895 3383 1026 3465 iegitur:
1056 3372 1192 3454 Οὕτως
1205 3378 1286 3459 μέγα
1301 3403 1329 3443 σι
1344 3373 1483 3463 φύεταί
1494 3383 1603 3467 χρῆμα

598 3477 650 3565 aa}
669 3478 842 3561 θαυμάσιον
862 3488 925 3552 &o
953 3500 1045 3571 atque
1067 3492 1147 3553 hanc
1176 3511 1280 3554 voram
1308 3501 1454 3573 putemus
1479 3485 1602 3575 polybii

595 3588 792 3674 scripturam,
813 3615 903 3677 quarn
920 3597 951 3657 in
966 3608 1147 3659 contextum
1160 3611 1317 3679 receptam
1334 3597 1495 3662 vellemne.

596 3695 599 3702 ¹
660 3715 740 3782 lau.
762 3716 843 3784 aeri
861 3714 915 3803 τῆν
936 3722 975 3798 ἐξ
992 3717 1091 3805 ἀρχῆς
1114 3716 1274 3796 σύστασιν,
1297 3721 1461 3803 secuudum
1475 3723 1510 3788 id
1522 3725 1602 3810 qaod

595 3821 682 3886 initio
702 3828 889 3911 constitutam
913 3829 961 3914 est.
1006 3829 1057 3893 Sic
1070 3829 1160 3896 XVI.
1176 3850 1226 3913 34,
1246 3850 1292 3896 ιι.
1317 3852 1373 3914 pro
1393 3826 1475 3894 aare}
1493 3827 1602 3917 σῆνίἔ

596 3922 695 4011 α’ρχῆς
707 3927 831 4010 στάσιν,
853 3937 967 4017 pariter
981 3929 1126 4000 σύστασιν
1141 3939 1221 4001 haud
1237 3940 1328 4002 dubie
1343 3940 1523 4024 legendam.

454 4058 526 4121 vars.
542 4069 570 4126 7·
661 4057 744 4141 Verſs
759 4077 789 4142 7.
811 4046 882 4144 ἧκε.
907 4065 1201 4142 cons.adIII.111,
1219 4083 1247 4149 3.
1283 4059 1323 4139 εἷς
1338 4064 1496 4132 ἐπίστασιν
1515 4057 1596 4144 {aaa

591 4157 675 4235 τινὶ,
703 4167 861 4238 flmiiiaris
886 4172 1015 4252 Polybio
1038 4171 1148 4250 disti0‚
1174 4173 1214 4238 X.
1228 4191 1281 4256 40,
1297 4191 1327 4256 4.
1349 4171 1502 4244 XXVIII·
1519 4191 1548 4260 3,
1564 4178 1594 4242 6.

590 4268 624 4333 ὅσ
642 4272 720 4334 alibi.
766 4260 999 4360 {ausegundum
1017 4291 1180 4344 monuerat
1196 4275 1347 4347 Valesius.
1392 4279 1454 4346 Sed
1474 4283 1594 4367 praestat

587 4381 781 4461 praeteritum
798 4383 980 4468 perfectum,
999 4390 1083 4470 quod
1095 4385 1130 4452 δι
1141 4390 1179 4454 ad
1194 4390 1314 4455 codicia
1327 4389 1357 4454 sc
1372 4390 1508 4474 ipturam
1522 4411 1591 4475 pro·

586 4486 657 4568 pius
674 4489 803 4553 accedit.

1380 4554 1440 4762 s
1501 4640 1589 4734 a„
