4084 5484
660 620 719 669 au
740 619 899 666 rutra.
921 617 958 667 v.
983 617 1052 666 101.
1078 618 1148 666 102.
1340 607 1406 683 287

472 767 560 858 Verfi
573 788 602 855 5.
627 769 705 836 Deie
722 791 845 835 comma
861 770 929 855 post
951 768 1038 847 ναῦς,
1073 769 1106 836 &
1128 788 1211 857 pone
1230 770 1298 855 post
1322 764 1404 836 diva
1422 760 1542 876 ’ὡς

415 904 466 946 ua.
509 914 548 934 ··
593 878 672 945 [bid.
685 876 834 961 auem
845 878 986 964 intellige
999 871 1103 950 adroic,
1124 873 1253 953 sciirdc
1269 878 1339 954 ναῦς
1353 875 1405 964 καὶ

415 984 460 1074 τήν
473 984 602 1068 δύναμιν.
1319 998 1322 1009 ’

463 1095 498 1160 V
496 1094 550 1181 ers}
564 1093 596 1161 6.
616 1085 786 1179 προελθών.
828 1084 1007 1178 waremie
1020 1094 1088 1158 edd.
1103 1114 1264 1179 perperam
1277 1095 1311 1162 δι
1325 1098 1405 1161 invi·
1428 1097 1499 1158 veri.
1514 1097 1552 1159 6(

416 1204 444 1266 is
461 1195 579 1265 msstis.
622 1231 663 1248 -
712 1201 792 1266 Iu‘d.
810 1195 862 1265 etv
880 1205 914 1266 da
933 1200 993 1274 τοῖς
1013 1197 1251 1285 Περιππιόις
1272 1197 1404 1289 Πύργον.

415 1330 551 1373 tersuri
570 1308 690 1374 secutus
705 1308 772 1372 sum
786 1300 963 1386 confilium,
989 1310 1122 1375 adhunc
1137 1309 1242 1374 locum
1257 1309 1299 1374 fic
1316 1332 1402 1376 com·
1538 1334 1542 1341 ·

415 1416 587 1478 nentantis:
628 1414 744 1491 „Haud
762 1414 907 1499 prospere
928 1418 981 1480 hic
998 1416 1061 1482 loci
1080 1416 1216 1481 succeiiit
1235 1436 1329 1501 opera
1346 1417 1402 1481 Ca·

415 1524 537 1585 hubouo
551 1524 683 1604 utrique.
725 1521 851 1604 Pyrgos
862 1524 906 1588 est
919 1543 1035 1588 nomen
1055 1524 1178 1608 oppidi3
1207 1544 1269 1589 non
1289 1521 1402 1608 signifi·
1525 1516 1533 1526 ’

415 1643 454 1693 :at
466 1631 495 1691 h.
510 1630 530 1691 l.
545 1629 654 1693 turrim
666 1646 890 1711 quamcunque·
902 1626 980 1693 'vide
993 1649 1025 1714 p.
1037 1646 1110 1713 473.
1125 1629 1158 1696 dt
1171 1646 1245 1713 477.
1266 1626 1400 1713 [Ν.77,
1517 1642 1521 1648 ’

415 1755 432 1815 t.
446 1735 478 1800 dc
494 1758 521 1798 c.
530 1741 581 1810 80,
597 1733 660 1818 13.]
683 1730 819 1817 ἐρειπίοις
831 1734 876 1799 est
889 1723 1055 1802 Casauboni
1070 1737 1196 1802 senioris
1211 1734 1400 1822 conjettura,
1453 1747 1454 1755 ’

416 1868 435 1908 n
450 1865 509 1927 qua
523 1842 713 1905 defendenda
729 1842 863 1912 Meritus
877 1860 1002 1924 operam
1018 1847 1127 1928 perdit.
1172 1844 1298 1910 Praestat
1309 1846 1341 1908 in
1356 1846 1400 1908 lo·

415 1954 449 2015 :is
464 1951 610 2032 ejusmodi
625 1948 779 2031 corruptis
793 1947 911 2011 servare
927 1948 1064 2015 ueterem
1079 1947 1266 2033 leitiouean,
1291 1950 1314 2015 st
1335 1972 1399 2015 me·

416 2061 512 2122 iorem
525 2056 737 2120 &certiorem
752 2057 784 2118 in
800 2058 925 2138 promtu
945 2077 1006 2121 non
1024 2058 1130 2122 habea.
1172 2054 1308 2124 Veteres
1327 2060 1399 2123 edd.

415 2168 452 2228 tic
469 2168 541 2228 dant
552 2160 712 2245 περιπίοις,
734 2157 861 2245 [piures
874 2163 1000 2227 codices
1014 2161 1205 2249 capme'au]
1226 2166 1310 2247 quod
1329 2156 1400 2228 acu·

416 2274 497 2335 ,iores
511 2271 634 2335 videant
647 2270 720 2352 quid
733 2266 786 2331 tibi
801 2270 908 2333 velit.“
924 2260 973 2320 -’
1009 2270 1103 2364 Quod
1115 2275 1155 2336 de
1171 2269 1289 2355 Πηνειῷ*
1301 2270 1400 2334 fluvio

415 2378 562 2441 ascholio
577 2377 655 2452 dixi,
683 2376 816 2439 alienum
836 2377 872 2440 ab
892 2376 954 2441 hoc
976 2377 1049 2442 loco
1065 2379 1162 2444 videri
1177 2377 1292 2462 poss’et,
1318 2375 1399 2442 fide

415 2485 472 2560 itu,
502 2504 594 2565 quem
612 2480 731 2565 Lasuue‘
752 2481 867 2565 oppido
887 2481 1059 2548 Danvillius
1081 2486 1112 2549 in
1127 2482 1246 2551 Tabula
1262 2482 1397 2548 Graeciae
1518 2507 1523 2512 ·

415 2591 582 2674 dignavit,
601 2589 741 2652 dubitare
753 2607 816 2650 non
830 2588 957 2665 lioeret;
981 2586 1022 2653 fic
1044 2591 1127 2655 enim
1145 2590 1239 2654 nimis
1257 2590 1330 2653 hinc
1350 2611 1399 2653 re·

415 2709 504 2763 notus
519 2698 638 2760 Peneus
652 2694 766 2758 fluvius
779 2692 870 2757 foret.
912 2696 956 2760 At
973 2696 1006 2758 in
1020 2697 1131 2761 eadem
1151 2697 1253 2762 tabula
1270 2695 1397 2779 Psophis

415 2809 508 2879 tiam,
536 2822 606 2886 quae
625 2802 660 2865 io
686 2801 799 2863 vicinia
818 2797 953 2865 Ladonis
973 2801 1049 2880 fuit,
1083 2802 1191 2884 (conf.
1205 2800 1263 2868 IV.
1278 2820 1331 2885 73,
1353 2804 1397 2882 ι.)

415 2914 509 2982 timis,
537 2930 628 2992 quam
650 2927 705 2991 par
726 2917 807 2985 erat,
837 2908 941 2973 versus
960 2909 1122 2972 meridiem
1142 2907 1244 2973 locata
1264 2911 1396 2974 videtur.

415 3020 507 3084 ivius
519 3014 646 3080 XXVII
655 3032 716 3096 .32.
730 3013 858 3092 castelli,
881 3013 933 3079 cui
947 3014 1075 3099 Pyrgos
1089 3034 1221 3091 nomen,
1242 3016 1395 3087 meminit,

415 3128 532 3210 ‚uiaque
554 3123 649 3186 miliia
668 3119 805 3205 paffuutn
823 3122 859 3186 ab
876 3123 952 3187 urbe
965 3123 1114 3187 Eleorum
1127 3121 1283 3188 distantis:
1311 3123 1396 3206 quod

415 3233 494 3304 psum
516 3242 618 3294 tamen
640 3249 721 3292 nunc
742 3249 760 3292 a
779 3226 910 3312 Polybio
932 3230 994 3293 dici
1012 3248 1076 3292 non
1096 3240 1220 3312 putem3
1249 3230 1395 3292 namhoc

416 3341 537 3421 uidem,
564 3338 602 3398 de
625 3355 687 3418 quo
707 3354 789 3398 nunc
809 3334 926 3418 agitur,
951 3336 982 3399 in
1002 3333 1177 3400 confinibus
1197 3335 1326 3401 Achaiae
1344 3336 1395 3400 vei

415 3446 541 3510 ircadiae
554 3440 707 3517 &Elidos
719 3439 808 3505 fitum
820 3438 881 3503 effe
894 3442 1010 3506 debuit.

461 3547 543 3633 Vers.
558 3567 588 3632 7.
617 3546 688 3614 Post
705 3539 872 3611 κατάλυσιν
892 3548 925 3611 in
945 3545 1010 3610 tine
1034 3547 1109 3614 vert
1129 3544 1272 3633 ‘praeoed
1293 3549 1394 3616 minas
1416 3557 1487 3617 vers.
1501 3570 1527 3624 »7.

416 3657 534 3725 undum
548 3675 648 3739 pone,
669 3674 727 3740 pro
741 3651 861 3736 majori.
895 3653 947 3719 Sic
960 3656 1085 3718 codices
1100 3674 1220 3717 omnes.
1257 3652 1393 3720 Temere

415 3773 430 3830 ἰ
454 3765 505 3829 sua
525 3758 707 3828 austeritate
728 3763 846 3844 primua
869 3761 988 3837 editor,
1015 3763 1132 3844 majore
1151 3760 1330 3845 interpofita
1350 3763 1415 3825 di·

415 3869 573 3947 :indtione‚
600 3888 673 3933 mox
692 3860 773 3947 paud
793 3867 825 3930 u
848 3866 951 3934 eavea·
966 3869 1078 3944 edidit,
1106 3870 1189 3952 quod
1205 3879 1334 3932 tenuere
1349 3869 1393 3933 see
1413 3871 1417 3876 ’

415 3989 534 4043 nentes.
576 3972 689 4040 Delevi
711 3970 980 4059 conjunstionem,
1008 3994 1101 4059 quam
1118 3976 1265 4058 ignorant
1284 3974 1395 4060 scripte

415 4085 589 4168 xemplaria.
851 4157 855 4164 .

460 4188 547 4274 Verfi
559 4207 591 4273 9.
611 4169 926 4274 xsptndvop'povdtc.
949 4217 994 4237 --
1037 4188 1208 4266 „adhunc
1222 4187 1328 4252 iocum
1345 4210 1393 4252 re·
1415 4193 1486 4253 vers.
1500 4209 1526 4261 9·
1548 4189 1551 4196 '

415 4300 489 4363 ›cxit
509 4297 682 4381 Stephanus
704 4296 782 4379 Byz.
804 4318 871 4362 voc.
886 4287 1062 4379 Πάνορμος,
1081 4296 1134 4360 ubi
1148 4297 1206 4371 ait,
1222 4288 1279 4380 mu}
1292 4288 1391 4377 λιμήν,

415 4430 428 4478 t
444 4396 607 4486 Πολύβιος.
627 4405 710 4487 quod
722 4405 765 4468 ibi
778 4403 860 4489 fugit
875 4402 1083 4468 uerkeuumf‘
1102 4423 1224 4470 anisa.
1258 4403 1391 4488 Nempe,

415 4527 465 4579 cet
479 4514 571 4579 hodie
587 4512 725 4588 uniuaiu
740 4510 1007 4588 uicturum
1021 4510 1207 4587 fiatmeatio
1223 4511 1304 4594 apud
1323 4495 1389 4574 Stel

1035 4635 1039 4640 ’
1237 4616 1389 4712 Phuiuffle
