4084 5484
444 781 516 842 Veri.
535 797 564 840 a.

598 578 663 660 688
887 601 1262 655 Annonnnom

596 751 724 819 sulionis
747 757 904 842 exempla,
924 777 997 821 cum
1016 759 1090 824 aliis
1110 759 1192 845 saepe
1215 758 1328 837 multa,
1349 777 1418 824 tum
1438 758 1502 824 hoc
1521 758 1584 823 libro

596 861 639 927 X.
657 864 790 928 vidimus
805 884 832 928 c.
854 880 906 946 14,
925 879 973 947 ις.
993 886 1021 933 c.
1044 865 1231 950 18‚13.&c.
1273 861 1425 952 ἤίπίνιια
1444 865 1486 930 sc.
1499 859 1584 936 αὖτιῖι

599 969 644 1034 est
659 970 811 1035 inventum
825 969 949 1050 Ama,
968 973 1051 1036 ratio
1063 973 1102 1037 ab
1114 993 1147 1036 eo
1168 974 1352 1058 excogitata.
1374 975 1417 1040 cf.
1438 995 1468 1038 c.
1488 987 1545 1055 45,
1563 989 1584 1038 κ

599 1077 633 1140 ἃ
646 1075 703 1155 46,
726 1097 772 1143 ιο.
793 1073 827 1142 ad
842 1073 922 1141 aurai
937 1071 991 1161 τῆν
1006 1078 1138 1145 datiam
1152 1101 1237 1157 vero,
1252 1103 1290 1144 ex
1303 1081 1359 1146 usu
1371 1081 1507 1165 polybii,
1520 1081 1587 1144 iden

544 1267 553 1290 ὓ
599 1185 684 1247 vaiet
699 1207 733 1249 ac
747 1178 787 1248 asi
802 1186 853 1270 τηε
874 1183 1018 1262 ἐπινοίας,
1038 1189 1070 1251 id
1088 1187 1148 1261 est,
1170 1189 1231 1273 ipsa
1249 1183 1269 1273 ἧ
1289 1186 1420 1260 ἐπίνοια,
1450 1183 1587 1272 ipsmin

464 1721 537 1784 verr.
550 1737 577 1788 a.

473 2152 544 2254 vati
560 2168 587 2222 κ.

598 1301 735 1368 ventum,
756 1288 821 1376 ipsa
838 1293 929 1369 ratio,
952 1289 991 1359 ἕν’
1006 1311 1073 1379 quoe
1085 1293 1129 1359 nd
1141 1293 1224 1359 illam
1233 1297 1395 1378 pendunt.
1415 1293 1586 1360 Conserua-

604 1400 667 1464 xic.
684 1398 791 1483 Polyb.
804 1400 835 1462 in
852 1391 941 1466 aurai.

669 1503 744 1570 tata.
773 1501 954 1589 αἰπελείφθη
975 1501 1059 1568 reue
1080 1504 1202 1572 Casaub.
1223 1527 1295 1572 cum
1316 1504 1490 1593 scaligero.
1530 1503 1587 1572 αἶσα

602 1601 714 1694 λη’φθη
728 1614 777 1677 ed.
798 1629 824 1676 t.
838 1633 910 1676 cum
924 1613 1046 1688 mstis,
1065 1613 1157 1676 nimis
1176 1614 1328 1697 frequenti
1344 1636 1462 1678 errore.

667 1715 752 1799 Vnss
769 1737 797 1783 2.
818 1719 876 1784 δεῖν
889 1713 955 1792 roda
969 1714 1144 1798 μέλονται.
1186 1719 1245 1784 δεῖν
1263 1719 1378 1794 abesse,
1400 1722 1444 1786 ait
1463 1719 1588 1785 Gronov.

602 1821 652 1902 (in
666 1825 758 1890 Notis
770 1826 896 1905 msstis)
910 1837 1031 1903 amato,
1049 1824 1186 1891 Leidenfi
1200 1841 1354 1910 putamus.
1371 1827 1554 1913 Agnoscunt
1564 1825 1588 1888 id

603 1931 732 1996 uerbum
746 1953 855 1998 omnes
868 1931 961 1996 nostri
981 1933 1106 1996 codices
1128 1953 1201 1998 cum
1221 1935 1323 1998 editis.
1365 1961 1411 1982 ·-·
1452 1932 1532 1998 Ibid.
1549 1953 1590 1995 ναν

604 2031 791 2103 πασκεναῖσαι
809 2037 892 2104 redte
910 2040 980 2102 edd.
999 2032 1204 2104 κατεσκεύασε
1221 2042 1303 2121 Aug.
1318 2038 1396 2124 ueg.
1411 2041 1447 2105 F.
1461 2039 1500 2103 G.
1513 2037 1578 2106 Vct

669 2144 746 2209 Ibid.
759 2145 798 2212 E?
816 2142 901 2230 Verſs
920 2164 949 2226 3.
968 2144 1096 2229 Septem
1108 2146 1215 2217 verba.
1239 2140 1373 2231 πήχεας.
1417 2135 1488 2210 εἶτα
1501 2186 1513 2201 ·
1525 2185 1537 2201 ·
1551 2165 1593 2208 κν

607 2244 648 2315 σαὶ
666 2246 780 2324 πλάσας
792 2252 899 2318 desunt
913 2255 994 2336 Reg:
1006 2250 1043 2316 F.
1057 2250 1097 2316 G.
1114 2249 1186 2320 Ves.
1205 2252 1287 2322 Tub.
1328 2287 1370 2306 ·-
1413 2253 1494 2318 Ibid
1511 2275 1594 2338 παφα

608 2352 754 2426 suevam
768 2357 852 2425 reste
864 2361 932 2424 edd.
943 2353 1151 2443 παρεσκεύασε
1162 2361 1244 2444 Aug.
1262 2370 1299 2425 ut
1313 2361 1407 2443 paulo
1427 2371 1501 2426 ante
1520 2381 1595 2425 κατε

607 2459 748 2530 σκεύασα.
775 2497 819 2514 ·-
860 2465 939 2531 Ibid.
958 2459 1089 2545 φεὶλοιὶς
1110 2468 1246 2531 correxit
1266 2467 1389 2531 Casaub.
1405 2488 1481 2532 cuna
1497 2466 1597 2552 Scalig.

607 2567 723 2654 φελαῦε
743 2571 776 2639 &
789 2593 870 2639 nunc
885 2572 918 2638 δι
938 2574 1049 2636 deinde
1070 2573 1242 2638 constanter
1255 2575 1302 2637 ed.
1321 2593 1349 2638 1.
1371 2595 1444 2638 cum
1465 2575 1599 2639 omnibus

608 2682 726 2744 msstis.
768 2713 809 2732 -
854 2677 931 2743 Ibid.
952 2678 1058 2750 ἐνδεεῖς
1077 2680 1178 2744 eidem
1200 2680 1329 2743 debetur
1348 2679 1599 2759 Casaubono,cui

607 2773 711 2850 rursus
732 2788 856 2870 quidem
883 2788 1050 2870 praeiverat
1068 2784 1218 2870 Scaliger.
1260 2785 1357 2858 ἐνδεὲς
1377 2807 1441 2852 uno
1464 2785 1601 2852 consensu

608 2895 683 2957 dant
695 2896 785 2957 mssti
802 2915 873 2957 cum
889 2894 990 2958 editis.

672 3000 752 3062 Ibid.
775 3000 844 3064 Post
858 2995 1063 3082 ἐμπεπηγέναι
1081 2998 1244 3062 delendum
1265 3018 1403 3075 comma,
1428 3000 1540 3067 invitia
1555 3020 1600 3066 nn

610 3106 659 3171 bis
673 3107 714 3170 ibi
729 3107 888 3171 larvatum.
932 3107 1011 3169 Cum
1024 3104 1157 3169 abestbnt
1171 3106 1207 3167 ab
1222 3107 1269 3169 ed.
1281 3124 1306 3168 1.
1321 3103 1453 3169 &libris
1466 3108 1602 3173 omnibus

611 3214 670 3277 trin
685 3215 793 3289 verba,
817 3233 886 3297 quae
912 3216 1000 3277 uncis
1017 3211 1129 3275 inclusa
1150 3213 1333 3294 adjecimus,
1354 3210 1553 3278 casaubonus
1570 3211 1603 3276 fic

609 3321 721 3383 edidit:
744 3325 776 3381 ἐν
793 3320 823 3382 δὲ
839 3313 951 3390 τείποις
964 3315 1065 3396 μέσοις
1080 3316 1300 3402 ἐμπεπηγέναι,
1321 3324 1376 3389 εἰς
1395 3319 1449 3382 ἴσα
1466 3319 1544 3406 μέρη
1555 3343 1604 3404 πμ.

611 3420 767 3488 δαίνπαλα.
783 3472 811 3492 ..
827 3473 835 3489 .
858 3423 933 3490 καθ’
944 3415 1072 3490 ’ἕκαστον
1097 3427 1130 3489 δὲ
1149 3423 1237 3511 μέρος
1251 3425 1313 3492 dte.
1334 3427 1525 3510 interposltis
1544 3447 1605 3512 qua·

612 3545 684 3598 tuor
701 3531 839 3617 punitis,
858 3536 968 3616 quibus
989 3536 1099 3598 lacuna
1119 3535 1315 3598 indicaretur.
1347 3535 1396 3598 Ad
1411 3534 1496 3598 hunc
1510 3538 1604 3600 locum

613 3650 716 3705 autem
735 3642 768 3702 in
786 3662 840 3703 ora
860 3640 945 3703 Baiil.
967 3642 1036 3704 haec
1058 3642 1215 3705 adnotavit
1237 3643 1319 3704 idem
1342 3661 1605 3708 cnsavaonvs:

612 3748 727 3824 „Deest
741 3748 791 3811 nic
806 3748 928 3829 aliquid.
971 3749 1050 3812 Nam
1065 3749 1137 3838 quid
1151 3751 1217 3812 vult
1239 3747 1327 3830 infigi
1346 3747 1409 3811 istis
1430 3746 1605 3813 suberibus'i

613 3851 1607 3939 Hicquidemnondicitzsedresipsadeclarat3&moxssxmaypint

612 3975 713 4028 vocat.
740 3963 825 4043 [vide
840 3962 913 4025 vers.
927 3959 972 4043 7.]
1006 3961 1109 4036 Quare
1130 3961 1265 4045 legimus
1281 3961 1486 4042 ἐμπεπηγέναι
1501 3966 1607 4043 βακτη-

613 4071 677 4154 ρίας
699 4066 870 4153 dandina
893 4064 932 4139 aia
956 4069 1007 4132 iux
1023 4066 1098 4152 μέρη
1118 4062 1307 4151 πριδαίκπνλα.
1348 4065 1505 4151 βακτηρία
1523 4070 1608 4131 debet

613 4174 751 4242 distintta
770 4175 830 4238 effe
849 4197 904 4258 per
923 4178 1084 4239 intervalla
1105 4169 1303 4260 andnimaina,
1327 4173 1406 4239 &in
1426 4173 1556 4258 singulis
1572 4175 1607 4236 in·

613 4284 750 4349 tertullis
766 4284 876 4345 habere
898 4282 1075 4366 inscriptum
1095 4284 1206 4365 aliquid
1226 4303 1334 4344 eorum
1356 4301 1427 4364 quae
1448 4281 1522 4346 usus
1542 4278 1607 4345 belii

614 4391 754 4474 pustulat.
799 4390 900 4456 Debet
921 4411 995 4453 veto
1024 4392 1056 4452 iu
1077 4392 1213 4452 inedium
1234 4389 1321 4451 suber
1341 4388 1450 4471 infigi,
1472 4386 1554 4452 &in
1573 4405 1607 4448 eo

613 4497 698 4564 tetta
712 4498 798 4566 stare.
840 4497 943 4586 Quare
957 4497 1016 4568 ess'e
1035 4499 1125 4565 debet
1136 4495 1223 4563 suber
1236 4507 1327 4564 tautae
1342 4493 1566 4581 magnitudinis
1579 4503 1610 4554 ut

1582 4599 1609 4661 id
