4084 5484
601 580 665 667 256
921 598 1282 652 aurorarrouua

423 713 584 867 ᾖ
604 750 1049 832 incommemorandis,
1069 748 1239 839 sepelimffl.
1266 754 1391 842 (ibid.)
1433 754 1524 830 Quas
1545 772 1604 836 res,

476 859 478 864 ’
602 874 667 929 tam
688 864 844 927 manifeste
860 864 940 925 iuter
955 860 984 924 se
997 872 1189 943 pugnantes,
1200 880 1312 945 .quum
1329 864 1414 929 nullo
1428 864 1525 926 modo
1541 883 1605 927 cre·

603 971 697 1035 dibile
712 969 757 1046 fit,
773 969 915 1032 excidere
931 964 1060 1050 potuiffe
1075 967 1225 1051 Polybio;
1249 987 1472 1055 eaumsnrvs
1486 970 1527 1032 ad
1538 988 1604 1053 cap.

601 1076 692 1158 86‚4
707 1076 803 1159 ipsum
817 1072 870 1136 fibi
885 1075 1104 1137 conciliaturus
1118 1074 1291 1157 Polybium,
1312 1077 1388 1139 duas
1401 1075 1503 1145 llatuit
1517 1072 1604 1139 fuifl'e

582 1184 729 1261 fluxas,
758 1202 851 1245 unam
866 1182 899 1243 in
912 1180 1031 1243 ditione
1048 1179 1209 1245 Ptolemaei
1229 1201 1326 1264 prope
1351 1179 1522 1259 desertum,
1552 1182 1605 1246 ubi

583 1321 587 1331 ·
602 1292 711 1374 copias
726 1288 792 1352 suas
807 1286 918 1352 refecit
930 1286 1117 1351 Ptolemaeus
1135 1307 1173 1349 ex
1188 1286 1310 1365 labore,
1332 1308 1426 1373 quem
1437 1290 1470 1352 in
1484 1287 1619 1353 deserto·

571 1473 574 1480 ¹
599 1395 831 1467 maufinittendo
854 1393 1025 1457 habuerant
1032 1414 1043 1468 ;
1077 1392 1167 1456 aliam
1186 1392 1306 1477 Syriae,
1338 1396 1370 1458 in
1393 1395 1544 1460 Antiochi
1563 1396 1606 1458 di·

586 1502 707 1579 tione,
728 1522 791 1585 quo
807 1499 874 1585 post
888 1500 1030 1583 praelium
1042 1498 1071 1563 se
1085 1501 1204 1584 recepit
1219 1501 1411 1565 Antiochus:
1432 1485 1514 1567 inter
1529 1520 1604 1586 quas

578 1612 678 1682 ‚duas
693 1607 794 1675 Gazas
810 1604 896 1670 fitam
910 1604 1012 1684 fuine,
1035 1608 1094 1684 ait,
1115 1608 1273 1691 Paphiam.
1312 1609 1363 1672 Ad
1377 1628 1447 1692 quae
1461 1628 1604 1672 nurian-

603 1735 678 1784 ονε
694 1717 726 1780 in
742 1711 857 1779 Palaest.
870 1734 901 1797 p.
913 1729 986 1797 791.
1029 1712 1176 1790 „Certum
1191 1713 1251 1790 est,
1272 1716 1332 1797 ait,
1352 1714 1376 1779 fi
1395 1716 1500 1780 omnia
1519 1710 1605 1777 reite

602 1824 634 1889 fe
649 1823 762 1887 habeut
776 1821 808 1884 in
821 1830 970 1884 contextu
986 1819 1175 1903 Polybiano,
1201 1822 1359 1905 duplicem
1373 1819 1488 1886 Gazam
1506 1820 1605 1886 stand,

603 1925 685 2001 Sed,
704 1926 850 2011 srduplex
864 1924 982 2002 fodiet,
1004 1946 1106 1989 annon
1118 1926 1268 2010 Polybius
1282 1926 1445 2003 debuiss'et',
1467 1927 1602 1993 uitandae

604 2032 790 2101 confusionis
804 2053 897 2115 ergo,
925 2031 957 2095 id
976 2053 1124 2109 monere,
1151 2042 1205 2097 aut
1225 2055 1317 2098 unam
1337 2036 1374 2099 ab
1390 2034 1485 2097 altera
1503 2032 1605 2097 dilliu·
1639 2027 1642 2031 “

603 2160 702 2227 guere
716 2140 819 2224 aliquo
833 2135 1047 2223 cognomine?
1088 2139 1130 2203 Et
1150 2140 1220 2222 quis
1240 2142 1382 2206 meminit
1401 2141 1484 2203 illius
1507 2138 1604 2204 Gazae

580 2280 583 2287 ·
604 2244 841 2333 Aegyptiace?
881 2242 1016 2311 Videtur
1035 2246 1139 2329 itaque
1152 2247 1228 2310 milri
1239 2246 1329 2310 locus
1347 2247 1459 2310 cubare
1473 2247 1507 2310 in
1518 2267 1602 2311 men·

605 2356 658 2432 do,
677 2353 711 2420 dr
724 2353 776 2418 uel
788 2372 844 2437 pro
853 2344 959 2437 ,Γάζαν
971 2372 1086 2415 nomen
1100 2353 1163 2417 loci
1174 2352 1340 2436 ignotioris
1354 2352 1603 2432 substituendum,

596 2462 653 2530 uel
668 2461 782 2545 aliquid
798 2459 895 2536 alind,
918 2479 980 2546 quo
994 2459 1164 2536 indicetur,
1185 2458 1389 2524 Ptolemaeum
1401 2478 1463 2523 non
1474 2458 1537 2543 jam
1552 2480 1602 2543 ap·

604 2566 713 2653 pulill'e
727 2566 859 2642 Gazam,
879 2564 929 2629 sed
943 2561 1116 2649 prosthum
1130 2586 1185 2641 eo,
1207 2563 1240 2632 δι
1255 2564 1441 2632 constituisti}
1455 2586 1496 2628 eo
1510 2564 1601 2650 usque

579 2704 582 2710 ·
602 2674 665 2739 iter
686 2672 789 2738 facere
811 2693 885 2738 curu
906 2673 1056 2737 exercitu
1064 2674 1083 2725 ἕ*
1105 2701 1150 2720 --
1190 2672 1240 2736 De
1259 2673 1351 2736 Gaza
1373 2672 1526 2738 Palmerio
1549 2672 1599 2736 ha·

513 2804 515 2809 ·
604 2776 716 2845 &enos
736 2780 862 2863 quidem
881 2778 1046 2844 adsentitur
1060 2775 1239 2863 Weli'eling.
1250 2780 1289 2844 a'd
1300 2780 1430 2843 Diodor.
1444 2775 1600 2864 XIX·,80·

604 2884 640 2951 dt
660 2887 698 2949 ad
718 2886 856 2951 itinerar.
878 2905 908 2969 p.
922 2899 991 2966 151.
1003 2884 1108 2964 (nisus
1122 2882 1270 2963 Diodori,
1297 2885 1437 2969 Dexippi.
1447 2882 1600 2949 &Hiero

602 2993 693 3074 nymi
706 2991 914 3071 testimoniis)
935 3004 970 3056 ut
987 2992 1063 3054 duas
1081 2988 1211 3054 fateatur
1225 2990 1311 3055 luisse
1324 2991 1451 3072 Gaaus,
1477 2994 1603 3058 alteram

579 3127 581 3133 ·
601 3099 685 3162 nude
700 3090 816 3183 Γάζαν,
838 3098 963 3161 alteram
977 3090 1112 3159 walacria
1124 3094 1149 3160 Γ
1150 3091 1270 3181 ἐξανά
1284 3082 1487 3183 Παλαιγοῖζαν
1499 3099 1601 3183 adpel-

599 3205 709 3282 latnm,
729 3206 883 3281 camdem,
904 3224 995 3288 quam
1010 3201 1118 3287 ἔρημον
1133 3206 1210 3267 dixit
1225 3206 1323 3270 Lucas
1338 3208 1370 3269 in
1386 3204 1474 3269 Attis
1491 3206 1599 3289 Apoll.

484 3380 486 3383 ¹
603 3332 630 3373 c.
646 3316 676 3386 8,
698 3309 744 3377 16.
760 3311 809 3376 sed
823 3333 876 3374 eas
890 3332 951 3373 non
966 3312 1009 3374 ita
1022 3311 1118 3395 longo
1135 3312 1298 3374 interuallo
1318 3309 1484 3396 seJ'uudlaS,
1512 3324 1550 3377 ut
1570 3312 1601 3375 ci

600 3420 729 3489 rationi,
751 3440 812 3503 qua
825 3418 893 3483 usus
909 3417 952 3481 est
967 3418 1151 3492 Palmerius‚
1172 3419 1234 3480 ulla
1248 3420 1294 3482 vis
1307 3416 1376 3484 infit
1388 3420 1427 3483 ad
1439 3419 1602 3500 leucadem

599 3524 699 3602 hanc,
718 3529 757 3590 de
773 3546 833 3609 qua
845 3527 981 3609 agimus,
1005 3527 1085 3607 apud
1098 3525 1260 3607 Polybium
1275 3524 1498 3589 difficultatem.
1533 3524 1600 3589 Iam

599 3628 718 3695 ficum
740 3631 875 3695 Relaudo
896 3632 1014 3694 nomini
1032 3623 1132 3714 Γάζαν
1156 3631 1236 3693 aliud
1256 3634 1341 3695 dicas
1361 3631 1601 3702 substituendum

599 3755 732 3812 nomen3
753 3739 897 3800 nonianus
919 3738 951 3802 &
971 3759 1008 3801 es
1032 3739 1180 3803 Antonini
1194 3737 1400 3803 itinerario&
1414 3738 1599 3823 exlosepho

578 3840 619 3910 -i
634 3865 661 3909 c.
678 3844 848 3908 mansiones
870 3865 999 3920 omnes,
1029 3866 1099 3928 quae
1123 3844 1191 3909 siant
1210 3847 1291 3909 inter
1313 3843 1432 3909 Cafium
1457 3856 1599 3909 montem

598 3946 633 4013 dc
652 3952 816 4035 Paphiam,
844 3971 944 4033 neque
964 3972 1038 4014 vero
1062 3953 1158 4016 ullum
1181 3954 1333 4035 reperitur
1352 3971 1484 4027 nomen,
1514 3952 1599 4035 quod

595 4075 659 4121 non
673 4056 706 4120 dc
721 4060 855 4121 immane
871 4071 1019 4140 qllantum
1033 4080 1050 4121 a
1062 4059 1159 4122 Gaza
1173 4060 1297 4121 nomine
1316 4058 1452 4134 differat,
1478 4054 1514 4121 dt
1529 4059 1598 4123 aliis

529 4209 531 4214 -
594 4165 737 4227 maximis
761 4176 917 4247 prematur
942 4164 1182 4229 difficultatibus,
1231 4165 1335 4239 Quare
1357 4162 1487 4229 mihi&
1510 4159 1597 4228 lenis·

592 4269 758 4347 finieratio
774 4272 914 4335 &unice
933 4274 1066 4335 maxime
1085 4272 1250 4355 probabilis
1272 4273 1415 4336 medendi
1435 4269 1595 4353 desperato

591 4378 692 4453 malo,
719 4398 781 4460 quo
801 4378 871 4441 haec
892 4397 962 4461 pars
980 4380 1162 4442 narrationis
1187 4378 1363 4461 Polybianae
1383 4375 1503 4443 ardictio
1518 4387 1594 4456 erat,

580 4502 629 4549 aaa
642 4483 701 4550 elie
717 4484 775 4559 visa
789 4482 848 4568 est,
868 4482 1147 4552 iicommodiorcm
1160 4485 1192 4551 in
1204 4485 1311 4553 locum
1323 4486 1416 4555 verba
1426 4486 1499 4576 ista,
1518 4502 1611 4569 quae·

1533 4592 1589 4660 baa
