4084 5484
725 855 784 902 ao
807 829 960 902 roura.
983 857 1022 902 x.
1043 851 1095 920 42.
1116 854 1168 922 43.
1381 837 1444 920 685

441 1003 628 1090 Polybium
656 1004 707 1070 sed
726 1006 758 1070 id
777 1008 902 1090 quidem
920 1009 1024 1074 miuus
1045 1009 1125 1074 bene
1144 1009 1314 1076 convenire
1327 1011 1449 1078 videtur
1463 960 1599 1016 a

444 1133 519 1178 cum
533 1114 670 1196 eoquod
684 1113 806 1178 additur
817 1115 887 1198 περί
901 1114 960 1178 σῦν
973 1109 1198 1180 κατοικούντων.

512 1216 597 1303 Verſs
612 1217 642 1284 6.
668 1213 750 1298 μοτοὲ
771 1220 804 1284 δὲ
821 1221 881 1284 τῶν
902 1215 1033 1306 ου’ζυίνιον
1052 1216 1102 1307 καὶ
1120 1222 1173 1306 τῆς
1194 1219 1352 1306 βασιλικῆς
1372 1220 1448 1309 ἴλης.
1472 1236 1546 1295 Vens.
1559 1239 1586 1299 ι,

441 1323 494 1391 De
508 1327 618 1390 vocab.
631 1325 698 1409 ίλη,
718 1329 749 1390 io
768 1329 850 1412 quod
866 1349 948 1393 nuno
966 1329 1161 1394 consentiunt
1181 1350 1308 1407 omnes,
1337 1331 1448 1396 confer

441 1451 517 1516 quae
530 1430 611 1498 dista
624 1432 691 1498 sunt
705 1435 742 1498 ad
756 1455 823 1518 cap.
838 1453 888 1513 οι,
902 1452 932 1517 4.
954 1437 1079 1512 Livius,
1098 1434 1212 1500 ornillis
1228 1439 1289 1508 τοῖς
1303 1429 1447 1522 εὐζώνοις.

439 1555 498 1602 aut
512 1538 646 1606 hiscum
667 1537 717 1628 ίλη
735 1541 880 1630 βασιλικῇ
897 1543 1055 1607 communi
1069 1544 1195 1607 nomine
1211 1545 1449 1628 conprehenfis,

443 1647 505 1721 ait,
524 1666 591 1710 cam
603 1643 720 1711 cohorte
732 1650 820 1732 regia
835 1647 1060 1714 Demetriadem
1071 1647 1132 1732 seso
1148 1651 1265 1733 recipit.
1290 1681 1336 1700 ·-
1367 1651 1447 1717 Ιίιίιί.

443 1747 513 1822 τοὶς
541 1753 753 1818 solatrum.
782 1750 938 1837 οπιβολοίς.
982 1756 1159 1824 Articulum
1178 1751 1249 1830 τοὶς,
1272 1755 1325 1842 qui
1343 1760 1448 1824 aberat

443 1859 483 1922 ab
498 1861 547 1924 ed.
565 1879 591 1923 r.
608 1859 642 1924 δι
654 1863 776 1938 msstis,
798 1865 909 1946 adjecit
922 1862 1047 1928 Casaub.
1059 1884 1130 1928 curn
1145 1863 1265 1931 Vrsrno.

511 1965 599 2050 Vers.
617 1985 645 2048 7.
671 1965 887 2052 Πεπαρηθίονς
902 1965 985 2034 reste
1002 1972 1070 2034 edd.
1091 1990 1162 2034 curn
1178 1973 1255 2054 Reg.
1274 1971 1310 2034 F.
1323 1968 1362 2034 G.
1377 1969 1447 2035 Ves.
1471 1979 1543 2038 Veri.
1554 1995 1583 2049 τ.

441 2080 590 2156 putamus
604 2073 637 2138 δι
652 2077 734 2140 Med.
746 2075 781 2142 ἃ
790 2075 869 2141 Tub.
883 2072 1060 2159 Παρηθίονς
1072 2073 1148 2142 Vrb.
1157 2087 1297 2141 truncato
1310 2079 1446 2141 nomine.

441 2176 636 2264 Παρινθίονς
651 2181 735 2266 Aug.
755 2183 786 2245 in
808 2193 975 2254 contextu,
1004 2183 1055 2247 sed
1076 2181 1294 2268 Πεπαρηθίοις
1311 2185 1392 2248 inter
1411 2185 1447 2246 li·

440 2291 648 2352 νενευκόσιν
669 2309 771 2352 manu.
811 2289 946 2354 Temere
969 2286 1149 2374 slepa-isaac
1171 2312 1225 2354 ora
1247 2294 1295 2355 ed.
1316 2311 1343 2355 r.
1364 2290 1446 2354 cons.

441 2393 480 2458 nil
496 2394 572 2457 vers.
592 2415 618 2460 r.
639 2427 682 2442 -
704 2395 782 2462 ibid.
795 2391 937 2476 Εὐβοίας.
979 2392 1147 2476 Εὐσεβείοος
1163 2397 1240 2479 Reg.
1255 2398 1289 2460 F.
1304 2395 1343 2461 G.
1387 2393 1447 2461 Εὗ-

439 2498 566 2582 σσβοίας
586 2499 657 2570 Ves.

510 2603 595 2691 Verſs
611 2615 640 2685 8.
660 2600 708 2672 διοὲ
721 2607 779 2671 τῶν
793 2609 921 2692 πυρσῶν.
962 2609 1086 2694 πυρσοί,
1109 2611 1130 2674 i.
1148 2630 1179 2695 q.
1206 2609 1344 2695 φροκτοί,
1357 2608 1447 2694 sacre
1472 2629 1541 2688 verr
1556 2640 1582 2695 η,

439 2733 457 2778 ο
472 2713 575 2787 eadm
597 2717 759 2799 dequibus
774 2717 852 2780 bene
869 2717 964 2784 multa
975 2718 1104 2801 collegit
1117 2717 1212 2781 Henr.
1226 2717 1399 2802 Stephanus
1411 2720 1446 2782 in

439 2819 535 2887 'l'hes
552 2825 590 2886 ad
605 2837 770 2906 utrumque
784 2824 897 2888 horum
911 2825 1142 2889 vocabulorum.
1169 2821 1296 2890 Suidas:
1317 2822 1443 2908 Πνρσοί·

438 2923 615 3008 λαμπάδες,
642 2924 802 3014 πνρκαίοιί,
827 2931 1018 3016 λαμπτῆρες,
1043 2930 1238 3015 φρυκτωρίαι.

507 3035 586 3101 Ibid.
607 3037 658 3100 sal
678 3029 714 3100 τί
736 3034 870 3101 Τίσαιον.
912 3037 1113 3101 Consentiunt
1133 3038 1202 3102 libri
1222 3057 1332 3101 omnes
1350 3037 1444 3120 Poly·

440 3141 541 3220 biani,
563 3141 596 3208 ἀ
608 3145 753 3208 meliores
768 3145 902 3220 Liviani,
922 3135 1076 3211 XXVHl.
1092 3157 1123 3224 5,
1142 3160 1189 3226 17.
1210 3145 1289 3208 Cum
1303 3145 1443 3228 Polybia-

439 3249 492 3314 nis
507 3249 667 3314 codicibus
686 3249 760 3314 iacit
774 3247 882 3314 Suidas
901 3252 931 3313 in
947 3248 1135 3334 Πορίφασις,
1156 3250 1208 3314 ubi
1231 3251 1351 3335 Polybii
1371 3251 1442 3314 haec

438 3353 534 3426 verbo
549 3356 664 3434 citavit.
708 3354 835 3439 Τισαίην
849 3347 941 3442 ἄκρην
956 3368 1049 3421 vocat
1061 3356 1247 3440 Apollonius
1266 3358 1366 3423 Rhod.
1384 3357 1443 3421 Ar·

439 3471 570 3546 gonaut.
588 3462 613 3526 l.
632 3461 702 3543 568.
721 3464 774 3527 ubi
791 3461 991 3540 ScholiasteS,
1011 3459 1155 3539 Τίσοιιον,
1177 3464 1236 3535 ait,
1263 3457 1443 3547 οἷκροοτῆριον

439 3565 631 3640 Θεσσαλίαςτ
660 3567 693 3632 &
714 3590 752 3632 ex
774 3569 941 3652 Apollonio
970 3567 1094 3653 Tasoeum
1116 3569 1252 3634 Dianam
1274 3571 1444 3634 celebravit

438 3671 585 3740 Valerius
598 3675 745 3752 Flaccus,
764 3677 803 3741 ll.
817 3692 848 3759 7.
877 3675 950 3751 Quo
967 3680 1069 3742 minus
1084 3678 1252 3742 audiendus
1268 3677 1312 3740 est
1326 3677 1443 3740 Palme-

437 3783 516 3858 riur,
535 3779 679 3846 Κισσιῖιον
689 3783 796 3866 legere
811 3783 947 3848 suadens.
989 3782 1219 3848 Restituendum
1234 3803 1310 3847 vero
1325 3802 1441 3844 nomen

437 3887 516 3952 illud
535 3887 676 3974 Appiano
697 3891 728 3951 in
743 3887 818 3953 Hill.
834 3889 1001 3954 Mitlrridat.
1017 3911 1044 3956 c.
1067 3905 1118 3972 35.
1139 3891 1193 3954 ubi
1214 3909 1272 3974 pro
1294 3899 1442 3970 corrupto

435 3993 590 4060 vocabulo
603 3989 637 4058 τί
650 3990 788 4065 Tisaeae,
810 3998 893 4078 quod
907 3996 949 4060 ibi
962 4016 1072 4060 omnes
1095 3997 1224 4071 habent,
1244 3996 1325 4058 harrd
1347 3995 1440 4057 dubie

436 4089 474 4164 cl
493 4097 619 4167 Τίσυιον
633 4101 823 4164 scribendum
837 4102 944 4177 suerit;
965 4105 1047 4186 quod
1066 4123 1125 4166 nos
1144 4115 1218 4168 tunc
1238 4102 1442 4184 praeterierat,

436 4227 510 4272 cum
526 4209 558 4272 iu
576 4209 717 4292 Appiano
733 4209 852 4271 edendo
872 4206 1002 4272 essemus
1023 4209 1176 4292 occupati.
1217 4239 1260 4254 -
1301 4205 1379 4270 Ilias.
1401 4207 1440 4270 ln

434 4307 616 4398 repeticione
630 4313 824 4378 consentiunt
840 4335 959 4391 omnes,
972 4335 1031 4378 nec
1044 4333 1124 4400 opus
1138 4313 1182 4379 est
1197 4325 1233 4378 ut
1245 4315 1277 4378 in
1290 4307 1441 4398 περιφαί.
1571 4387 1597 4412 η

432 4443 495 4495 σας
509 4432 666 4494 mutetur,
687 4422 770 4503 quod
794 4421 894 4486 voluit
907 4420 1055 4506 Scaliger.

727 4545 752 4608 C
774 4549 802 4612 A
824 4549 847 4612 P
870 4547 953 4616 VT
993 4544 1135 4612 XLIII.
1442 4546 1611 4616 Caaxuu.

493 4630 581 4712 Verſs
599 4653 627 4698 r.
666 4627 807 4717 πυρσείυς
822 4633 874 4698 hic
894 4631 928 4698 δι
952 4635 1063 4697 deinde
1082 4633 1222 4696 correxit
1240 4627 1438 4698 casaubonus
1464 4644 1536 4704 veri
1551 4659 1577 4701 r.

425 4755 501 4806 oum
514 4735 688 4826 Scaligero.
728 4739 770 4806 Et
784 4738 824 4806 lle
841 4739 1016 4828 jamlllenr.
1031 4737 1206 4824 Stephanus
1226 4740 1260 4802 in
1278 4737 1371 4805 Thes.
1393 4761 1435 4802 ex

1336 4845 1432 4930 Poly.
