4084 5484
532 1499 534 1501 ,
606 1442 659 1528 jus
674 1441 855 1525 fragmenti,
877 1439 1009 1522 intelligi
1026 1439 1169 1514 videtur,
1179 1439 1240 1502 hoc
1255 1439 1327 1503 loco
1343 1435 1517 1521 expolitum
1532 1435 1622 1502 tuito

602 644 674 719 43⁴
930 639 1295 699 anuornrrorrn

606 798 1251 887 aueinrdligi1vinetar,·gdtspntationem
1272 798 1351 862 hanc
1376 796 1439 863 alia
1456 792 1621 864 occasune

606 909 696 990 frailse
719 909 898 974 institutam.
941 905 983 971 Et
1003 926 1042 969 ex
1066 904 1260 991 oppositione
1288 906 1413 989 quidem
1435 903 1616 969 calamitati!

607 1018 739 1093 Achaei,
761 996 854 1099 quam
871 1033 944 1078 mox
965 1010 1173 1096 expositurum
1190 1010 1220 1074 se
1234 999 1403 1095 fignificat,
1431 1011 1524 1095 cujus
1542 1010 1613 1074 cala·

607 1126 727 1191 unitatis
748 1122 869 1185 cansam
893 1121 1008 1185 nnllam
1031 1116 1086 1202 ipli
1108 1118 1228 1183 Achaeo
1246 1118 1339 1182 tribui
1356 1109 1442 1201 posse
1456 1119 1519 1195 ait,
1543 1138 1612 1201 qno·

609 1218 694 1295 niam
709 1231 735 1291 is
748 1249 890 1307 omnem,
909 1246 980 1309 quae
995 1224 1063 1288 fieri
1075 1211 1207 1309 poterat,
1228 1227 1406 1290 cautionem
1418 1225 1612 1290 adhibueratt

606 1335 658 1424 en-
674 1336 728 1402 ista
750 1336 848 1419 igitur.
871 1330 1089 1417 oppetitione,
1131 1332 1337 1400 collatarum
1359 1329 1424 1415 ipso
1447 1331 1611 1419 initiolru·

609 1549 769 1631 aPolybio
783 1547 886 1610 casum
892 1545 1039 1621 hominis,
1061 1544 1112 1628 (ἃ
1118 1547 1244 1629 quidem
1257 1545 1346 1609 ducis
1359 1544 1531 1628 copiarum,
1549 1538 1611 1629 ἤγε-

609 1649 716 1741 plata
737 1655 808 1718 vide
822 1674 889 1736 cap.
901 1652 984 1733 1,2.)
997 1653 1051 1735 qui
1065 1651 1117 1716 sua
1130 1654 1259 1735 quadam
1274 1652 1364 1734 culpa
1377 1651 1492 1752 suaque
1504 1653 1611 1739 impm.

609 1756 760 1830 denuntia
776 1760 898 1826 cladem
914 1760 1079 1835 inciderat,
1105 1757 1139 1824 ἃ
1162 1754 1339 1842 copiansrbi
1356 1756 1530 1823 commilita
1548 1778 1610 1843 per·

605 1870 741 1933 diderat.
782 1864 930 1941 Quisnam
944 1887 1018 1930 vero
1029 1866 1081 1928 ille
1096 1863 1148 1941 fit,
1171 1864 1306 1947 reperire
1321 1865 1421 1928 adhuc
1435 1885 1500 1929 non
1516 1866 1608 1951 potui·

573 1982 576 1991 '
609 1993 692 2040 anus.
708 1974 812 2038 Proeo
820 1973 929 2037 ordine
929 1988 1040 2056 ,quem
1048 1972 1121 2035 alais
1130 1969 1289 2054 Polybius
1295 1991 1337 2033 ex
1346 1990 1407 2055 quo
1415 1972 1607 2072 coeprthrsto·

609 2084 689 2167 riarir
701 2101 758 2166 per
768 2078 904 2163 singulos
920 2099 1017 2146 annos
1031 2079 1191 2162 digerere,
1214 2078 1301 2158 (inde
1316 2078 1353 2143 ab
1366 2076 1497 2163 Olymp.
1512 2096 1607 2147 oxu

609 2187 703 2253 abA.
718 2183 759 2255 V.
766 2183 870 2269 539.)
891 2196 999 2250 tenere
1016 2184 1191 2261 consuevit,
1219 2195 1256 2247 ut
1276 2184 1419 2269 cujusque
1437 2187 1509 2251 anni
1525 2187 1607 2252 histo·

606 2296 687 2363 riam
701 2315 719 2357 a
734 2295 848 2358 rebus
840 2313 872 2356 ua
885 2292 973 2356 Italia
987 2292 1082 2376 gestis
1097 2291 1266 2375 inciperet,
1295 2303 1362 2356 tum
1378 2295 1415 2357 ad
1430 2313 1482 2358 ree
1495 2291 1607 2359 Siculae

601 2401 872 2485 progrederetur,
899 2418 936 2462 ac
959 2400 1071 2463 deiulle
1089 2400 1215 2462 demum
1229 2400 1266 2464 ad
1283 2419 1334 2463 res
1347 2401 1379 2463 iu
1394 2400 1463 2466 aliia
1480 2400 1606 2486 regioni·

607 2507 669 2573 bus
683 2507 784 2591 gestas
798 2505 1235 2572 converteret'narrationem:
1256 2526 1313 2589 pro
1329 2507 1383 2571 illo
1398 2508 1498 2591 igitur
1510 2517 1604 2572 return

597 2615 719 2678 ordine
733 2613 970 2677 consentaneum
983 2604 1053 2689 est,
1072 2622 1109 2676 ut
1121 2611 1222 2676 casum
1236 2633 1309 2676 eum
1316 2656 1329 2690 ,1
1351 2611 1404 2696 qui
1419 2611 1605 2679 occasionem

470 2739 475 2751 ·
606 2717 696 2785 dedit
711 2718 845 2802 Polybio
855 2720 929 2786 haec
944 2718 1133 2801 disputandi,
1154 2720 1204 2785 vel
1219 2720 1251 2783 in
1265 2720 1353 2784 Italia
1368 2717 1511 2785 accidisse
1525 2722 1605 2808 pute·

604 2845 689 2901 mus,
709 2826 759 2888 vel
771 2827 804 2889 in
819 2825 935 2890 Sicilia.
978 2823 1060 2888 Nam
1074 2844 1144 2909 quae
1157 2826 1268 2891 deinde
1281 2826 1448 2911 sequuntur
1459 2830 1604 2914 fragmen·

605 2942 663 3006 ta,
678 2932 769 3014 (cap.
787 2931 922 3015 5seqq.)
940 2952 978 2993 ex
1001 2932 1094 2994 rebus
1109 2933 1141 2994 in
1155 2932 1258 2997 Sicilia
1274 2934 1326 2998 sub
1341 2934 1437 2999 sanem
1452 2940 1525 3002 anni
1540 2952 1602 3019 540.

604 3036 702 3121 gestis
717 3051 864 3121 excerpta
877 3038 963 3101 sunt:
987 3053 1058 3121 qute
1077 3058 1154 3102 vero
1170 3060 1236 3124 cap.
1254 3041 1318 3125 3sq·
1336 3044 1502 3107 exhibetur
1513 3046 1602 3130 dispu-

605 3144 704 3223 tatio,
732 3163 769 3206 ea
783 3156 887 3207 utrum
903 3166 940 3205 ex
954 3142 1115 3207 occasione
1128 3165 1229 3209 rerum
1243 3150 1273 3210 in
1288 3149 1376 3212 Italia
1394 3150 1549 3234 gestarum
1565 3153 1601 3216 in·

605 3248 709 3315 stituta
721 3248 835 3327 stt,.an
855 3250 1016 3315 occasione
1037 3253 1110 3317 novi
1127 3254 1288 3337 gravisque
1305 3256 1378 3319 belli
1391 3259 1423 3321 iu
1438 3256 1550 3325 Sicilia·
1558 3258 1601 3323 ul·

606 3355 713 3425 versus
736 3353 944 3442 Syracusanos
966 3379 984 3420 a
1004 3359 1152 3424 Romanis
1171 3361 1316 3445 suscepti,
1344 3365 1475 3428 dubitari
1499 3364 1601 3451 potest,

601 3482 791 3546 quamquam
812 3465 874 3527 hoe
893 3466 1018 3547 quidem
1038 3466 1129 3528 nobis
1152 3467 1354 3534 verofirnilius
1368 3471 1502 3537 videtur.
1542 3472 1602 3539 Iatn

551 3590 554 3604 ·
604 3588 682 3633 vero
696 3568 829 3634 {altana
844 3574 923 3656 apud
939 3573 1060 3637 Livium
1076 3574 1216 3655 uiridem,
1243 3577 1296 3659 qui
1316 3586 1419 3641 tamen
1434 3599 1486 3643 res
1501 3580 1533 3644 in
1548 3579 1602 3644 Ita·

583 3666 645 3740 ,lia
665 3674 766 3758 gestas
788 3677 929 3759 inprimis
944 3678 1074 3762 copiose
1095 3699 1252 3764 exponere
1267 3682 1442 3762 consuevit,
1468 3688 1501 3750 in
1517 3688 1603 3770 nujus

528 3834 530 3839 .
602 3780 1160 3868 uoni54o.lristorianihilreperimus,
1182 3790 1602 3872 quoddlsputationihuiede
1643 3815 1649 3858 t

600 3890 863 3971 quaqnaerinnus,
886 3890 922 3953 aie
934 3894 1071 3955 cautione
1082 3893 1186 3980 infida
1201 3892 1336 3961 labenda
1350 3896 1497 3982 hostibus,
1518 3921 1603 3965 occa·

600 3990 720 4077 fiunem
741 3998 814 4059 dare
837 3996 929 4059 facile
945 4001 1096 4095 potuerit.
1139 4004 1173 4064 ln
1190 4005 1280 4066 rebus
1297 3994 1407 4069 Siculis
1423 4028 1516 4084 vero,
1536 4018 1606 4073 anre

600 4098 773 4185 susceptum
787 4124 805 4166 a
818 4102 966 4167 Romanis
987 4108 1127 4187 pertinax
1149 4110 1223 4173 illud
1239 4130 1311 4173 cum
1327 4111 1527 4193 Syracusanis
1544 4115 1605 4178 bel-

580 4204 665 4271 *anm
667 4210 836 4282 ,occurrit
851 4213 931 4293 apud
945 4212 1067 4277 Livium
1084 4217 1201 4279 mentio
1215 4214 1345 4299 prnsus
1358 4212 1500 4303 Romani,
1522 4222 1606 4306 quod

598 4312 639 4375 eb
652 4312 760 4397 Appio
776 4316 908 4380 Claudio
926 4320 963 4380 ad
985 4321 1118 4384 tuendos
1141 4322 1293 4387 sociorum
1316 4344 1408 4407 agros
1421 4326 1525 4394 suerat
1538 4328 1604 4396 mis.

596 4416 681 4497 tnm,
709 4421 789 4485 inlrr
805 4422 987 4488 conditiones
1001 4425 1093 4506 pacis
1108 4421 1264 4511 intefoli.
1282 4431 1335 4494 lib.
1342 4429 1463 4498 XXlV.
1478 4435 1650 4521 ω9ΐᾳ.

589 4520 681 4595 Earn
684 4528 917 4608 calamitatem,
951 4546 1044 4615 quom
1067 4533 1202 4603 nomin
1199 4538 1353 4605 brevibus
1371 4541 1479 4606 verbis
1499 4545 1606 4628 tetigit

1463 4641 1650 4730 hirlus,

1524 4925 1650 5066 ·l
